%YAML 1.1
%TAG !u! tag:unity3d.com,2011:
--- !u!29 &1
OcclusionCullingSettings:
  m_ObjectHideFlags: 0
  serializedVersion: 2
  m_OcclusionBakeSettings:
    smallestOccluder: 5
    smallestHole: 0.25
    backfaceThreshold: 100
  m_SceneGUID: 00000000000000000000000000000000
  m_OcclusionCullingData: {fileID: 0}
--- !u!104 &2
RenderSettings:
  m_ObjectHideFlags: 0
  serializedVersion: 9
  m_Fog: 0
  m_FogColor: {r: 0.5, g: 0.5, b: 0.5, a: 1}
  m_FogMode: 3
  m_FogDensity: 0.01
  m_LinearFogStart: 0
  m_LinearFogEnd: 300
  m_AmbientSkyColor: {r: 0.212, g: 0.227, b: 0.259, a: 1}
  m_AmbientEquatorColor: {r: 0.114, g: 0.125, b: 0.133, a: 1}
  m_AmbientGroundColor: {r: 0.047, g: 0.043, b: 0.035, a: 1}
  m_AmbientIntensity: 0.8
  m_AmbientMode: 0
  m_SubtractiveShadowColor: {r: 0.42, g: 0.478, b: 0.627, a: 1}
  m_SkyboxMaterial: {fileID: 10304, guid: 0000000000000000f000000000000000, type: 0}
  m_HaloStrength: 0.5
  m_FlareStrength: 1
  m_FlareFadeSpeed: 3
  m_HaloTexture: {fileID: 0}
  m_SpotCookie: {fileID: 10001, guid: 0000000000000000e000000000000000, type: 0}
  m_DefaultReflectionMode: 0
  m_DefaultReflectionResolution: 128
  m_ReflectionBounces: 1
  m_ReflectionIntensity: 0.5
  m_CustomReflection: {fileID: 0}
  m_Sun: {fileID: 1427247534}
  m_IndirectSpecularColor: {r: 0.26572725, g: 0.27143627, b: 0.25494534, a: 0.5}
  m_UseRadianceAmbientProbe: 0
--- !u!157 &3
LightmapSettings:
  m_ObjectHideFlags: 0
  serializedVersion: 11
  m_GIWorkflowMode: 1
  m_GISettings:
    serializedVersion: 2
    m_BounceScale: 1
    m_IndirectOutputScale: 1
    m_AlbedoBoost: 1
    m_TemporalCoherenceThreshold: 1
    m_EnvironmentLightingMode: 0
    m_EnableBakedLightmaps: 1
    m_EnableRealtimeLightmaps: 0
  m_LightmapEditorSettings:
    serializedVersion: 10
    m_Resolution: 2
    m_BakeResolution: 10
    m_AtlasSize: 512
    m_AO: 0
    m_AOMaxDistance: 1
    m_CompAOExponent: 1
    m_CompAOExponentDirect: 0
    m_Padding: 2
    m_LightmapParameters: {fileID: 0}
    m_LightmapsBakeMode: 1
    m_TextureCompression: 1
    m_FinalGather: 0
    m_FinalGatherFiltering: 1
    m_FinalGatherRayCount: 256
    m_ReflectionCompression: 2
    m_MixedBakeMode: 2
    m_BakeBackend: 1
    m_PVRSampling: 1
    m_PVRDirectSampleCount: 32
    m_PVRSampleCount: 256
    m_PVRBounces: 2
    m_PVRFilterTypeDirect: 0
    m_PVRFilterTypeIndirect: 0
    m_PVRFilterTypeAO: 0
    m_PVRFilteringMode: 1
    m_PVRCulling: 1
    m_PVRFilteringGaussRadiusDirect: 1
    m_PVRFilteringGaussRadiusIndirect: 5
    m_PVRFilteringGaussRadiusAO: 2
    m_PVRFilteringAtrousPositionSigmaDirect: 0.5
    m_PVRFilteringAtrousPositionSigmaIndirect: 2
    m_PVRFilteringAtrousPositionSigmaAO: 1
    m_ShowResolutionOverlay: 1
  m_LightingDataAsset: {fileID: 112000002, guid: c892f7812cb65c34898efbbcab568adf,
    type: 2}
  m_UseShadowmask: 1
--- !u!196 &4
NavMeshSettings:
  serializedVersion: 2
  m_ObjectHideFlags: 0
  m_BuildSettings:
    serializedVersion: 2
    agentTypeID: 0
    agentRadius: 0.5
    agentHeight: 2
    agentSlope: 45
    agentClimb: 0.4
    ledgeDropHeight: 0
    maxJumpAcrossDistance: 0
    minRegionArea: 2
    manualCellSize: 0
    cellSize: 0.16666667
    manualTileSize: 0
    tileSize: 256
    accuratePlacement: 0
    debug:
      m_Flags: 0
  m_NavMeshData: {fileID: 0}
--- !u!4 &26400305 stripped
Transform:
  m_CorrespondingSourceObject: {fileID: 4173473159819046, guid: e84369680dca72b48abcee0f7b7e25eb,
    type: 2}
  m_PrefabInternal: {fileID: 2055785368}
--- !u!1 &35446125
GameObject:
  m_ObjectHideFlags: 0
  m_CorrespondingSourceObject: {fileID: 0}
  m_PrefabInternal: {fileID: 0}
  serializedVersion: 6
  m_Component:
  - component: {fileID: 35446126}
  - component: {fileID: 35446127}
  m_Layer: 0
  m_Name: Point Light
  m_TagString: Untagged
  m_Icon: {fileID: 0}
  m_NavMeshLayer: 0
  m_StaticEditorFlags: 0
  m_IsActive: 1
--- !u!4 &35446126
Transform:
  m_ObjectHideFlags: 0
  m_CorrespondingSourceObject: {fileID: 0}
  m_PrefabInternal: {fileID: 0}
  m_GameObject: {fileID: 35446125}
  m_LocalRotation: {x: -0, y: 0.0000000045984048, z: -0.000000016938428, w: 1}
  m_LocalPosition: {x: -0.02577262, y: 1.2508465, z: -0.19096345}
  m_LocalScale: {x: 0.15160446, y: 0.23035854, z: 0.18015422}
  m_Children: []
  m_Father: {fileID: 462028733}
  m_RootOrder: 0
  m_LocalEulerAnglesHint: {x: 0, y: 0, z: 0}
--- !u!108 &35446127
Light:
  m_ObjectHideFlags: 0
  m_CorrespondingSourceObject: {fileID: 0}
  m_PrefabInternal: {fileID: 0}
  m_GameObject: {fileID: 35446125}
  m_Enabled: 1
  serializedVersion: 8
  m_Type: 2
  m_Color: {r: 1, g: 1, b: 1, a: 1}
  m_Intensity: 5
  m_Range: 7
  m_SpotAngle: 30
  m_CookieSize: 10
  m_Shadows:
    m_Type: 0
    m_Resolution: -1
    m_CustomResolution: -1
    m_Strength: 1
    m_Bias: 0.05
    m_NormalBias: 0.4
    m_NearPlane: 0.2
  m_Cookie: {fileID: 0}
  m_DrawHalo: 0
  m_Flare: {fileID: 0}
  m_RenderMode: 0
  m_CullingMask:
    serializedVersion: 2
    m_Bits: 4294967295
  m_Lightmapping: 4
  m_LightShadowCasterMode: 0
  m_AreaSize: {x: 1, y: 1}
  m_BounceIntensity: 1
  m_ColorTemperature: 6570
  m_UseColorTemperature: 0
  m_ShadowRadius: 0
  m_ShadowAngle: 0
--- !u!4 &43509175 stripped
Transform:
  m_CorrespondingSourceObject: {fileID: 4173473159819046, guid: e84369680dca72b48abcee0f7b7e25eb,
    type: 2}
  m_PrefabInternal: {fileID: 649485501}
--- !u!1001 &44737341
Prefab:
  m_ObjectHideFlags: 0
  serializedVersion: 2
  m_Modification:
    m_TransformParent: {fileID: 434996767}
    m_Modifications:
    - target: {fileID: 4173473159819046, guid: e84369680dca72b48abcee0f7b7e25eb, type: 2}
      propertyPath: m_LocalPosition.x
      value: -19.05
      objectReference: {fileID: 0}
    - target: {fileID: 4173473159819046, guid: e84369680dca72b48abcee0f7b7e25eb, type: 2}
      propertyPath: m_LocalPosition.y
      value: 29.44
      objectReference: {fileID: 0}
    - target: {fileID: 4173473159819046, guid: e84369680dca72b48abcee0f7b7e25eb, type: 2}
      propertyPath: m_LocalPosition.z
      value: 0
      objectReference: {fileID: 0}
    - target: {fileID: 4173473159819046, guid: e84369680dca72b48abcee0f7b7e25eb, type: 2}
      propertyPath: m_LocalRotation.x
      value: -0.039495282
      objectReference: {fileID: 0}
    - target: {fileID: 4173473159819046, guid: e84369680dca72b48abcee0f7b7e25eb, type: 2}
      propertyPath: m_LocalRotation.y
      value: 0.17234187
      objectReference: {fileID: 0}
    - target: {fileID: 4173473159819046, guid: e84369680dca72b48abcee0f7b7e25eb, type: 2}
      propertyPath: m_LocalRotation.z
      value: 0.81009066
      objectReference: {fileID: 0}
    - target: {fileID: 4173473159819046, guid: e84369680dca72b48abcee0f7b7e25eb, type: 2}
      propertyPath: m_LocalRotation.w
      value: 0.55900943
      objectReference: {fileID: 0}
    - target: {fileID: 4173473159819046, guid: e84369680dca72b48abcee0f7b7e25eb, type: 2}
      propertyPath: m_RootOrder
      value: 11
      objectReference: {fileID: 0}
    - target: {fileID: 4173473159819046, guid: e84369680dca72b48abcee0f7b7e25eb, type: 2}
      propertyPath: m_LocalScale.x
      value: 1.4819105
      objectReference: {fileID: 0}
    - target: {fileID: 4173473159819046, guid: e84369680dca72b48abcee0f7b7e25eb, type: 2}
      propertyPath: m_LocalScale.y
      value: 16.028507
      objectReference: {fileID: 0}
    - target: {fileID: 1669808839808538, guid: e84369680dca72b48abcee0f7b7e25eb, type: 2}
      propertyPath: m_StaticEditorFlags
      value: 0
      objectReference: {fileID: 0}
    - target: {fileID: 1669808839808538, guid: e84369680dca72b48abcee0f7b7e25eb, type: 2}
      propertyPath: m_Name
      value: Obstacle (15)
      objectReference: {fileID: 0}
    - target: {fileID: 4173473159819046, guid: e84369680dca72b48abcee0f7b7e25eb, type: 2}
      propertyPath: m_LocalEulerAnglesHint.z
      value: 109.483
      objectReference: {fileID: 0}
    - target: {fileID: 4173473159819046, guid: e84369680dca72b48abcee0f7b7e25eb, type: 2}
      propertyPath: m_LocalScale.z
      value: 9.243567
      objectReference: {fileID: 0}
    - target: {fileID: 4173473159819046, guid: e84369680dca72b48abcee0f7b7e25eb, type: 2}
      propertyPath: m_LocalEulerAnglesHint.y
      value: 7.8160005
      objectReference: {fileID: 0}
    - target: {fileID: 4173473159819046, guid: e84369680dca72b48abcee0f7b7e25eb, type: 2}
      propertyPath: m_LocalEulerAnglesHint.x
      value: -18.868
      objectReference: {fileID: 0}
    m_RemovedComponents: []
  m_SourcePrefab: {fileID: 100100000, guid: e84369680dca72b48abcee0f7b7e25eb, type: 2}
  m_IsPrefabAsset: 0
--- !u!4 &49736981 stripped
Transform:
  m_CorrespondingSourceObject: {fileID: 4173473159819046, guid: e84369680dca72b48abcee0f7b7e25eb,
    type: 2}
  m_PrefabInternal: {fileID: 880725438}
--- !u!4 &120912650 stripped
Transform:
  m_CorrespondingSourceObject: {fileID: 4173473159819046, guid: e84369680dca72b48abcee0f7b7e25eb,
    type: 2}
  m_PrefabInternal: {fileID: 1901247201}
--- !u!1 &155160751
GameObject:
  m_ObjectHideFlags: 0
  m_CorrespondingSourceObject: {fileID: 1197909878048252, guid: 8fa1fd27c6a282c418ef0cbdb282b6cd,
    type: 2}
  m_PrefabInternal: {fileID: 0}
  serializedVersion: 6
  m_Component:
  - component: {fileID: 155160752}
  - component: {fileID: 155160753}
  m_Layer: 0
  m_Name: Spot Light (1)
  m_TagString: Untagged
  m_Icon: {fileID: 0}
  m_NavMeshLayer: 0
  m_StaticEditorFlags: 0
  m_IsActive: 1
--- !u!4 &155160752
Transform:
  m_ObjectHideFlags: 0
  m_CorrespondingSourceObject: {fileID: 4099813682743252, guid: 8fa1fd27c6a282c418ef0cbdb282b6cd,
    type: 2}
  m_PrefabInternal: {fileID: 0}
  m_GameObject: {fileID: 155160751}
  m_LocalRotation: {x: -0.000000029802326, y: -0.70710677, z: 0.70710677, w: -0.000000029802326}
  m_LocalPosition: {x: 0, y: 1.09, z: 0}
  m_LocalScale: {x: 1, y: 1.0000005, z: 1.0000006}
  m_Children: []
  m_Father: {fileID: 616353562}
  m_RootOrder: 8
  m_LocalEulerAnglesHint: {x: 90, y: -90.00001, z: 90.00001}
--- !u!108 &155160753
Light:
  m_ObjectHideFlags: 0
  m_CorrespondingSourceObject: {fileID: 108406287389519096, guid: 8fa1fd27c6a282c418ef0cbdb282b6cd,
    type: 2}
  m_PrefabInternal: {fileID: 0}
  m_GameObject: {fileID: 155160751}
  m_Enabled: 1
  serializedVersion: 8
  m_Type: 0
  m_Color: {r: 1, g: 1, b: 1, a: 1}
  m_Intensity: 34.04
  m_Range: 2.1
  m_SpotAngle: 56.6
  m_CookieSize: 10
  m_Shadows:
    m_Type: 0
    m_Resolution: -1
    m_CustomResolution: -1
    m_Strength: 1
    m_Bias: 0.05
    m_NormalBias: 0.4
    m_NearPlane: 0.2
  m_Cookie: {fileID: 0}
  m_DrawHalo: 0
  m_Flare: {fileID: 0}
  m_RenderMode: 0
  m_CullingMask:
    serializedVersion: 2
    m_Bits: 4294967295
  m_Lightmapping: 4
  m_LightShadowCasterMode: 0
  m_AreaSize: {x: 1, y: 1}
  m_BounceIntensity: 1
  m_ColorTemperature: 6570
  m_UseColorTemperature: 0
  m_ShadowRadius: 0
  m_ShadowAngle: 0
--- !u!1001 &249639062
Prefab:
  m_ObjectHideFlags: 0
  serializedVersion: 2
  m_Modification:
    m_TransformParent: {fileID: 434996767}
    m_Modifications:
    - target: {fileID: 4173473159819046, guid: e84369680dca72b48abcee0f7b7e25eb, type: 2}
      propertyPath: m_LocalPosition.x
      value: -24.54
      objectReference: {fileID: 0}
    - target: {fileID: 4173473159819046, guid: e84369680dca72b48abcee0f7b7e25eb, type: 2}
      propertyPath: m_LocalPosition.y
      value: 20.69
      objectReference: {fileID: 0}
    - target: {fileID: 4173473159819046, guid: e84369680dca72b48abcee0f7b7e25eb, type: 2}
      propertyPath: m_LocalPosition.z
      value: 0
      objectReference: {fileID: 0}
    - target: {fileID: 4173473159819046, guid: e84369680dca72b48abcee0f7b7e25eb, type: 2}
      propertyPath: m_LocalRotation.x
      value: -0.02562407
      objectReference: {fileID: 0}
    - target: {fileID: 4173473159819046, guid: e84369680dca72b48abcee0f7b7e25eb, type: 2}
      propertyPath: m_LocalRotation.y
      value: 0.04305218
      objectReference: {fileID: 0}
    - target: {fileID: 4173473159819046, guid: e84369680dca72b48abcee0f7b7e25eb, type: 2}
      propertyPath: m_LocalRotation.z
      value: 0.9980184
      objectReference: {fileID: 0}
    - target: {fileID: 4173473159819046, guid: e84369680dca72b48abcee0f7b7e25eb, type: 2}
      propertyPath: m_LocalRotation.w
      value: 0.038069393
      objectReference: {fileID: 0}
    - target: {fileID: 4173473159819046, guid: e84369680dca72b48abcee0f7b7e25eb, type: 2}
      propertyPath: m_RootOrder
      value: 12
      objectReference: {fileID: 0}
    - target: {fileID: 4173473159819046, guid: e84369680dca72b48abcee0f7b7e25eb, type: 2}
      propertyPath: m_LocalScale.x
      value: 1.481911
      objectReference: {fileID: 0}
    - target: {fileID: 4173473159819046, guid: e84369680dca72b48abcee0f7b7e25eb, type: 2}
      propertyPath: m_LocalScale.y
      value: 16.028513
      objectReference: {fileID: 0}
    - target: {fileID: 1669808839808538, guid: e84369680dca72b48abcee0f7b7e25eb, type: 2}
      propertyPath: m_StaticEditorFlags
      value: 0
      objectReference: {fileID: 0}
    - target: {fileID: 1669808839808538, guid: e84369680dca72b48abcee0f7b7e25eb, type: 2}
      propertyPath: m_Name
      value: Obstacle (16)
      objectReference: {fileID: 0}
    - target: {fileID: 4173473159819046, guid: e84369680dca72b48abcee0f7b7e25eb, type: 2}
      propertyPath: m_LocalEulerAnglesHint.z
      value: 175.75201
      objectReference: {fileID: 0}
    - target: {fileID: 4173473159819046, guid: e84369680dca72b48abcee0f7b7e25eb, type: 2}
      propertyPath: m_LocalScale.z
      value: 9.243569
      objectReference: {fileID: 0}
    - target: {fileID: 4173473159819046, guid: e84369680dca72b48abcee0f7b7e25eb, type: 2}
      propertyPath: m_LocalEulerAnglesHint.y
      value: -2.7540002
      objectReference: {fileID: 0}
    - target: {fileID: 4173473159819046, guid: e84369680dca72b48abcee0f7b7e25eb, type: 2}
      propertyPath: m_LocalEulerAnglesHint.x
      value: -5.0420003
      objectReference: {fileID: 0}
    m_RemovedComponents: []
  m_SourcePrefab: {fileID: 100100000, guid: e84369680dca72b48abcee0f7b7e25eb, type: 2}
  m_IsPrefabAsset: 0
--- !u!1001 &353139342
Prefab:
  m_ObjectHideFlags: 0
  serializedVersion: 2
  m_Modification:
    m_TransformParent: {fileID: 1603449937}
    m_Modifications:
    - target: {fileID: 4047775195846594, guid: 7cb23468e748faf4c90dfc4d16f48629, type: 2}
      propertyPath: m_LocalPosition.x
      value: 2.2990332
      objectReference: {fileID: 0}
    - target: {fileID: 4047775195846594, guid: 7cb23468e748faf4c90dfc4d16f48629, type: 2}
      propertyPath: m_LocalPosition.y
      value: 6.8
      objectReference: {fileID: 0}
    - target: {fileID: 4047775195846594, guid: 7cb23468e748faf4c90dfc4d16f48629, type: 2}
      propertyPath: m_LocalPosition.z
      value: 28.634617
      objectReference: {fileID: 0}
    - target: {fileID: 4047775195846594, guid: 7cb23468e748faf4c90dfc4d16f48629, type: 2}
      propertyPath: m_LocalRotation.x
      value: -0
      objectReference: {fileID: 0}
    - target: {fileID: 4047775195846594, guid: 7cb23468e748faf4c90dfc4d16f48629, type: 2}
      propertyPath: m_LocalRotation.y
      value: -0
      objectReference: {fileID: 0}
    - target: {fileID: 4047775195846594, guid: 7cb23468e748faf4c90dfc4d16f48629, type: 2}
      propertyPath: m_LocalRotation.z
      value: -0
      objectReference: {fileID: 0}
    - target: {fileID: 4047775195846594, guid: 7cb23468e748faf4c90dfc4d16f48629, type: 2}
      propertyPath: m_LocalRotation.w
      value: 1
      objectReference: {fileID: 0}
    - target: {fileID: 4047775195846594, guid: 7cb23468e748faf4c90dfc4d16f48629, type: 2}
      propertyPath: m_RootOrder
      value: 4
      objectReference: {fileID: 0}
    m_RemovedComponents: []
  m_SourcePrefab: {fileID: 100100000, guid: 7cb23468e748faf4c90dfc4d16f48629, type: 2}
  m_IsPrefabAsset: 0
--- !u!4 &353139343 stripped
Transform:
  m_CorrespondingSourceObject: {fileID: 4047775195846594, guid: 7cb23468e748faf4c90dfc4d16f48629,
    type: 2}
  m_PrefabInternal: {fileID: 353139342}
--- !u!1001 &417177366
Prefab:
  m_ObjectHideFlags: 0
  serializedVersion: 2
  m_Modification:
    m_TransformParent: {fileID: 434996767}
    m_Modifications:
    - target: {fileID: 4173473159819046, guid: e84369680dca72b48abcee0f7b7e25eb, type: 2}
      propertyPath: m_LocalPosition.x
      value: -22.58
      objectReference: {fileID: 0}
    - target: {fileID: 4173473159819046, guid: e84369680dca72b48abcee0f7b7e25eb, type: 2}
      propertyPath: m_LocalPosition.y
      value: 2.82
      objectReference: {fileID: 0}
    - target: {fileID: 4173473159819046, guid: e84369680dca72b48abcee0f7b7e25eb, type: 2}
      propertyPath: m_LocalPosition.z
      value: 0
      objectReference: {fileID: 0}
    - target: {fileID: 4173473159819046, guid: e84369680dca72b48abcee0f7b7e25eb, type: 2}
      propertyPath: m_LocalRotation.x
      value: -0
      objectReference: {fileID: 0}
    - target: {fileID: 4173473159819046, guid: e84369680dca72b48abcee0f7b7e25eb, type: 2}
      propertyPath: m_LocalRotation.y
      value: -0
      objectReference: {fileID: 0}
    - target: {fileID: 4173473159819046, guid: e84369680dca72b48abcee0f7b7e25eb, type: 2}
      propertyPath: m_LocalRotation.z
      value: 0.2033303
      objectReference: {fileID: 0}
    - target: {fileID: 4173473159819046, guid: e84369680dca72b48abcee0f7b7e25eb, type: 2}
      propertyPath: m_LocalRotation.w
      value: 0.97911024
      objectReference: {fileID: 0}
    - target: {fileID: 4173473159819046, guid: e84369680dca72b48abcee0f7b7e25eb, type: 2}
      propertyPath: m_RootOrder
      value: 1
      objectReference: {fileID: 0}
    - target: {fileID: 4173473159819046, guid: e84369680dca72b48abcee0f7b7e25eb, type: 2}
      propertyPath: m_LocalScale.x
      value: 1.0343454
      objectReference: {fileID: 0}
    - target: {fileID: 4173473159819046, guid: e84369680dca72b48abcee0f7b7e25eb, type: 2}
      propertyPath: m_LocalScale.y
      value: 7.4742
      objectReference: {fileID: 0}
    - target: {fileID: 1669808839808538, guid: e84369680dca72b48abcee0f7b7e25eb, type: 2}
      propertyPath: m_StaticEditorFlags
      value: 0
      objectReference: {fileID: 0}
    - target: {fileID: 1669808839808538, guid: e84369680dca72b48abcee0f7b7e25eb, type: 2}
      propertyPath: m_Name
      value: Obstacle (2)
      objectReference: {fileID: 0}
    - target: {fileID: 4173473159819046, guid: e84369680dca72b48abcee0f7b7e25eb, type: 2}
      propertyPath: m_LocalEulerAnglesHint.z
      value: 23.464
      objectReference: {fileID: 0}
    - target: {fileID: 4173473159819046, guid: e84369680dca72b48abcee0f7b7e25eb, type: 2}
      propertyPath: m_LocalScale.z
      value: 11.5324
      objectReference: {fileID: 0}
    m_RemovedComponents: []
  m_SourcePrefab: {fileID: 100100000, guid: e84369680dca72b48abcee0f7b7e25eb, type: 2}
  m_IsPrefabAsset: 0
--- !u!1 &434996766
GameObject:
  m_ObjectHideFlags: 0
  m_CorrespondingSourceObject: {fileID: 0}
  m_PrefabInternal: {fileID: 0}
  serializedVersion: 6
  m_Component:
  - component: {fileID: 434996767}
  m_Layer: 0
  m_Name: Terrain Obstacles
  m_TagString: Untagged
  m_Icon: {fileID: 0}
  m_NavMeshLayer: 0
  m_StaticEditorFlags: 0
  m_IsActive: 1
--- !u!4 &434996767
Transform:
  m_ObjectHideFlags: 0
  m_CorrespondingSourceObject: {fileID: 0}
  m_PrefabInternal: {fileID: 0}
  m_GameObject: {fileID: 434996766}
  m_LocalRotation: {x: -0, y: -0, z: -0, w: 1}
  m_LocalPosition: {x: 0, y: 0, z: 0}
  m_LocalScale: {x: 1, y: 1, z: 1}
  m_Children:
  - {fileID: 1942197294}
  - {fileID: 1299866229}
  - {fileID: 2117584797}
  - {fileID: 26400305}
  - {fileID: 574272241}
  - {fileID: 49736981}
  - {fileID: 1231653319}
  - {fileID: 43509175}
  - {fileID: 120912650}
  - {fileID: 530225623}
  - {fileID: 1061060988}
  - {fileID: 673554546}
  - {fileID: 1951240060}
  - {fileID: 1945094350}
  - {fileID: 806450685}
  m_Father: {fileID: 1603449937}
  m_RootOrder: 0
  m_LocalEulerAnglesHint: {x: 0, y: 0, z: 0}
--- !u!1001 &462028732
Prefab:
  m_ObjectHideFlags: 0
  serializedVersion: 2
  m_Modification:
    m_TransformParent: {fileID: 1603449937}
    m_Modifications:
    - target: {fileID: 4342292177766956, guid: 67b04d5f8d171fc46a88f7fcbd20e1fb, type: 2}
      propertyPath: m_LocalPosition.x
      value: 16.13
      objectReference: {fileID: 0}
    - target: {fileID: 4342292177766956, guid: 67b04d5f8d171fc46a88f7fcbd20e1fb, type: 2}
      propertyPath: m_LocalPosition.y
      value: 0.21
      objectReference: {fileID: 0}
    - target: {fileID: 4342292177766956, guid: 67b04d5f8d171fc46a88f7fcbd20e1fb, type: 2}
      propertyPath: m_LocalPosition.z
      value: 0
      objectReference: {fileID: 0}
    - target: {fileID: 4342292177766956, guid: 67b04d5f8d171fc46a88f7fcbd20e1fb, type: 2}
      propertyPath: m_LocalRotation.x
      value: -0
      objectReference: {fileID: 0}
    - target: {fileID: 4342292177766956, guid: 67b04d5f8d171fc46a88f7fcbd20e1fb, type: 2}
      propertyPath: m_LocalRotation.y
      value: -0
      objectReference: {fileID: 0}
    - target: {fileID: 4342292177766956, guid: 67b04d5f8d171fc46a88f7fcbd20e1fb, type: 2}
      propertyPath: m_LocalRotation.z
      value: -0
      objectReference: {fileID: 0}
    - target: {fileID: 4342292177766956, guid: 67b04d5f8d171fc46a88f7fcbd20e1fb, type: 2}
      propertyPath: m_LocalRotation.w
      value: 1
      objectReference: {fileID: 0}
    - target: {fileID: 4342292177766956, guid: 67b04d5f8d171fc46a88f7fcbd20e1fb, type: 2}
      propertyPath: m_RootOrder
      value: 3
      objectReference: {fileID: 0}
    - target: {fileID: 4342292177766956, guid: 67b04d5f8d171fc46a88f7fcbd20e1fb, type: 2}
      propertyPath: m_LocalScale.z
      value: 5.5508
      objectReference: {fileID: 0}
    - target: {fileID: 4342292177766956, guid: 67b04d5f8d171fc46a88f7fcbd20e1fb, type: 2}
      propertyPath: m_LocalScale.x
      value: 6.596113
      objectReference: {fileID: 0}
    - target: {fileID: 4342292177766956, guid: 67b04d5f8d171fc46a88f7fcbd20e1fb, type: 2}
      propertyPath: m_LocalScale.y
      value: 4.34106
      objectReference: {fileID: 0}
    m_RemovedComponents: []
  m_SourcePrefab: {fileID: 100100000, guid: 67b04d5f8d171fc46a88f7fcbd20e1fb, type: 2}
  m_IsPrefabAsset: 0
--- !u!4 &462028733 stripped
Transform:
  m_CorrespondingSourceObject: {fileID: 4342292177766956, guid: 67b04d5f8d171fc46a88f7fcbd20e1fb,
    type: 2}
  m_PrefabInternal: {fileID: 462028732}
--- !u!1 &462028734 stripped
GameObject:
  m_CorrespondingSourceObject: {fileID: 1390581196544574, guid: 67b04d5f8d171fc46a88f7fcbd20e1fb,
    type: 2}
  m_PrefabInternal: {fileID: 462028732}
--- !u!114 &462028735
MonoBehaviour:
  m_ObjectHideFlags: 0
  m_CorrespondingSourceObject: {fileID: 0}
  m_PrefabInternal: {fileID: 0}
  m_GameObject: {fileID: 462028734}
  m_Enabled: 1
  m_EditorHideFlags: 0
  m_Script: {fileID: 11500000, guid: 92d8b138e38a774479460a348e0777d9, type: 3}
  m_Name: 
  m_EditorClassIdentifier: 
  _movementVector: {x: 0, y: 0, z: 20}
  _period: 4
  _movementFactor: 0
--- !u!4 &530225623 stripped
Transform:
  m_CorrespondingSourceObject: {fileID: 4173473159819046, guid: e84369680dca72b48abcee0f7b7e25eb,
    type: 2}
  m_PrefabInternal: {fileID: 1982873905}
--- !u!4 &574272241 stripped
Transform:
  m_CorrespondingSourceObject: {fileID: 4173473159819046, guid: e84369680dca72b48abcee0f7b7e25eb,
    type: 2}
  m_PrefabInternal: {fileID: 1352658018}
--- !u!4 &616353562 stripped
Transform:
  m_CorrespondingSourceObject: {fileID: 4361974071847570, guid: 8fa1fd27c6a282c418ef0cbdb282b6cd,
    type: 2}
  m_PrefabInternal: {fileID: 1792931472}
--- !u!1001 &649485501
Prefab:
  m_ObjectHideFlags: 0
  serializedVersion: 2
  m_Modification:
    m_TransformParent: {fileID: 434996767}
    m_Modifications:
    - target: {fileID: 4173473159819046, guid: e84369680dca72b48abcee0f7b7e25eb, type: 2}
      propertyPath: m_LocalPosition.x
      value: 17.5
      objectReference: {fileID: 0}
    - target: {fileID: 4173473159819046, guid: e84369680dca72b48abcee0f7b7e25eb, type: 2}
      propertyPath: m_LocalPosition.y
      value: 26.37
      objectReference: {fileID: 0}
    - target: {fileID: 4173473159819046, guid: e84369680dca72b48abcee0f7b7e25eb, type: 2}
      propertyPath: m_LocalPosition.z
      value: 0
      objectReference: {fileID: 0}
    - target: {fileID: 4173473159819046, guid: e84369680dca72b48abcee0f7b7e25eb, type: 2}
      propertyPath: m_LocalRotation.x
      value: 0.15775476
      objectReference: {fileID: 0}
    - target: {fileID: 4173473159819046, guid: e84369680dca72b48abcee0f7b7e25eb, type: 2}
      propertyPath: m_LocalRotation.y
      value: 0.28016928
      objectReference: {fileID: 0}
    - target: {fileID: 4173473159819046, guid: e84369680dca72b48abcee0f7b7e25eb, type: 2}
      propertyPath: m_LocalRotation.z
      value: 0.2933868
      objectReference: {fileID: 0}
    - target: {fileID: 4173473159819046, guid: e84369680dca72b48abcee0f7b7e25eb, type: 2}
      propertyPath: m_LocalRotation.w
      value: 0.9003015
      objectReference: {fileID: 0}
    - target: {fileID: 4173473159819046, guid: e84369680dca72b48abcee0f7b7e25eb, type: 2}
      propertyPath: m_RootOrder
      value: 7
      objectReference: {fileID: 0}
    - target: {fileID: 4173473159819046, guid: e84369680dca72b48abcee0f7b7e25eb, type: 2}
      propertyPath: m_LocalScale.x
      value: 2.3790927
      objectReference: {fileID: 0}
    - target: {fileID: 4173473159819046, guid: e84369680dca72b48abcee0f7b7e25eb, type: 2}
      propertyPath: m_LocalScale.y
      value: 9.56297
      objectReference: {fileID: 0}
    - target: {fileID: 1669808839808538, guid: e84369680dca72b48abcee0f7b7e25eb, type: 2}
      propertyPath: m_StaticEditorFlags
      value: 0
      objectReference: {fileID: 0}
    - target: {fileID: 1669808839808538, guid: e84369680dca72b48abcee0f7b7e25eb, type: 2}
      propertyPath: m_Name
      value: Obstacle (11)
      objectReference: {fileID: 0}
    - target: {fileID: 4173473159819046, guid: e84369680dca72b48abcee0f7b7e25eb, type: 2}
      propertyPath: m_LocalEulerAnglesHint.z
      value: 38.399002
      objectReference: {fileID: 0}
    - target: {fileID: 4173473159819046, guid: e84369680dca72b48abcee0f7b7e25eb, type: 2}
      propertyPath: m_LocalScale.z
      value: 9.243568
      objectReference: {fileID: 0}
    - target: {fileID: 4173473159819046, guid: e84369680dca72b48abcee0f7b7e25eb, type: 2}
      propertyPath: m_LocalEulerAnglesHint.y
      value: 36.967003
      objectReference: {fileID: 0}
    - target: {fileID: 4173473159819046, guid: e84369680dca72b48abcee0f7b7e25eb, type: 2}
      propertyPath: m_LocalEulerAnglesHint.x
      value: 6.872
      objectReference: {fileID: 0}
    m_RemovedComponents: []
  m_SourcePrefab: {fileID: 100100000, guid: e84369680dca72b48abcee0f7b7e25eb, type: 2}
  m_IsPrefabAsset: 0
--- !u!1 &659757498
GameObject:
  m_ObjectHideFlags: 0
  m_CorrespondingSourceObject: {fileID: 0}
  m_PrefabInternal: {fileID: 0}
  serializedVersion: 6
  m_Component:
  - component: {fileID: 659757500}
  - component: {fileID: 659757499}
  m_Layer: 0
  m_Name: Wind-Ambiance
  m_TagString: Untagged
  m_Icon: {fileID: 0}
  m_NavMeshLayer: 0
  m_StaticEditorFlags: 0
  m_IsActive: 1
--- !u!82 &659757499
AudioSource:
  m_ObjectHideFlags: 0
  m_CorrespondingSourceObject: {fileID: 0}
  m_PrefabInternal: {fileID: 0}
  m_GameObject: {fileID: 659757498}
  m_Enabled: 1
  serializedVersion: 4
  OutputAudioMixerGroup: {fileID: 0}
  m_audioClip: {fileID: 8300000, guid: c069d1c436db3a3459490331dc3923b2, type: 3}
  m_PlayOnAwake: 1
  m_Volume: 1
  m_Pitch: 1
  Loop: 0
  Mute: 0
  Spatialize: 0
  SpatializePostEffects: 0
  Priority: 128
  DopplerLevel: 1
  MinDistance: 1
  MaxDistance: 500
  Pan2D: 0
  rolloffMode: 0
  BypassEffects: 0
  BypassListenerEffects: 0
  BypassReverbZones: 0
  rolloffCustomCurve:
    serializedVersion: 2
    m_Curve:
    - serializedVersion: 3
      time: 0
      value: 1
      inSlope: 0
      outSlope: 0
      tangentMode: 0
      weightedMode: 0
      inWeight: 0.33333334
      outWeight: 0.33333334
    - serializedVersion: 3
      time: 1
      value: 0
      inSlope: 0
      outSlope: 0
      tangentMode: 0
      weightedMode: 0
      inWeight: 0.33333334
      outWeight: 0.33333334
    m_PreInfinity: 2
    m_PostInfinity: 2
    m_RotationOrder: 4
  panLevelCustomCurve:
    serializedVersion: 2
    m_Curve:
    - serializedVersion: 3
      time: 0
      value: 0
      inSlope: 0
      outSlope: 0
      tangentMode: 0
      weightedMode: 0
      inWeight: 0.33333334
      outWeight: 0.33333334
    m_PreInfinity: 2
    m_PostInfinity: 2
    m_RotationOrder: 4
  spreadCustomCurve:
    serializedVersion: 2
    m_Curve:
    - serializedVersion: 3
      time: 0
      value: 0
      inSlope: 0
      outSlope: 0
      tangentMode: 0
      weightedMode: 0
      inWeight: 0.33333334
      outWeight: 0.33333334
    m_PreInfinity: 2
    m_PostInfinity: 2
    m_RotationOrder: 4
  reverbZoneMixCustomCurve:
    serializedVersion: 2
    m_Curve:
    - serializedVersion: 3
      time: 0
      value: 1
      inSlope: 0
      outSlope: 0
      tangentMode: 0
      weightedMode: 0
      inWeight: 0.33333334
      outWeight: 0.33333334
    m_PreInfinity: 2
    m_PostInfinity: 2
    m_RotationOrder: 4
--- !u!4 &659757500
Transform:
  m_ObjectHideFlags: 0
  m_CorrespondingSourceObject: {fileID: 0}
  m_PrefabInternal: {fileID: 0}
  m_GameObject: {fileID: 659757498}
  m_LocalRotation: {x: 0, y: 0, z: 0, w: 1}
  m_LocalPosition: {x: 0, y: 0, z: 0}
  m_LocalScale: {x: 1, y: 1, z: 1}
  m_Children: []
  m_Father: {fileID: 0}
  m_RootOrder: 2
  m_LocalEulerAnglesHint: {x: 0, y: 0, z: 0}
--- !u!4 &673554546 stripped
Transform:
  m_CorrespondingSourceObject: {fileID: 4173473159819046, guid: e84369680dca72b48abcee0f7b7e25eb,
    type: 2}
  m_PrefabInternal: {fileID: 44737341}
--- !u!1001 &806450684
Prefab:
  m_ObjectHideFlags: 0
  serializedVersion: 2
  m_Modification:
    m_TransformParent: {fileID: 434996767}
    m_Modifications:
    - target: {fileID: 4173473159819046, guid: e84369680dca72b48abcee0f7b7e25eb, type: 2}
      propertyPath: m_LocalPosition.x
      value: -2.32
      objectReference: {fileID: 0}
    - target: {fileID: 4173473159819046, guid: e84369680dca72b48abcee0f7b7e25eb, type: 2}
      propertyPath: m_LocalPosition.y
      value: 3.29
      objectReference: {fileID: 0}
    - target: {fileID: 4173473159819046, guid: e84369680dca72b48abcee0f7b7e25eb, type: 2}
      propertyPath: m_LocalPosition.z
      value: 0
      objectReference: {fileID: 0}
    - target: {fileID: 4173473159819046, guid: e84369680dca72b48abcee0f7b7e25eb, type: 2}
      propertyPath: m_LocalRotation.x
      value: -0
      objectReference: {fileID: 0}
    - target: {fileID: 4173473159819046, guid: e84369680dca72b48abcee0f7b7e25eb, type: 2}
      propertyPath: m_LocalRotation.y
      value: -0
      objectReference: {fileID: 0}
    - target: {fileID: 4173473159819046, guid: e84369680dca72b48abcee0f7b7e25eb, type: 2}
      propertyPath: m_LocalRotation.z
      value: -0
      objectReference: {fileID: 0}
    - target: {fileID: 4173473159819046, guid: e84369680dca72b48abcee0f7b7e25eb, type: 2}
      propertyPath: m_LocalRotation.w
      value: 1
      objectReference: {fileID: 0}
    - target: {fileID: 4173473159819046, guid: e84369680dca72b48abcee0f7b7e25eb, type: 2}
      propertyPath: m_RootOrder
      value: 14
      objectReference: {fileID: 0}
    - target: {fileID: 4173473159819046, guid: e84369680dca72b48abcee0f7b7e25eb, type: 2}
      propertyPath: m_LocalScale.x
      value: 0.78099996
      objectReference: {fileID: 0}
    - target: {fileID: 4173473159819046, guid: e84369680dca72b48abcee0f7b7e25eb, type: 2}
      propertyPath: m_LocalScale.y
      value: 20.199478
      objectReference: {fileID: 0}
    - target: {fileID: 1669808839808538, guid: e84369680dca72b48abcee0f7b7e25eb, type: 2}
      propertyPath: m_StaticEditorFlags
      value: 0
      objectReference: {fileID: 0}
    - target: {fileID: 1669808839808538, guid: e84369680dca72b48abcee0f7b7e25eb, type: 2}
      propertyPath: m_Name
      value: Obstacle (18)
      objectReference: {fileID: 0}
    - target: {fileID: 4173473159819046, guid: e84369680dca72b48abcee0f7b7e25eb, type: 2}
      propertyPath: m_LocalEulerAnglesHint.z
      value: 0
      objectReference: {fileID: 0}
    - target: {fileID: 4173473159819046, guid: e84369680dca72b48abcee0f7b7e25eb, type: 2}
      propertyPath: m_LocalScale.z
      value: 9.243569
      objectReference: {fileID: 0}
    - target: {fileID: 4173473159819046, guid: e84369680dca72b48abcee0f7b7e25eb, type: 2}
      propertyPath: m_LocalEulerAnglesHint.y
      value: 0
      objectReference: {fileID: 0}
    - target: {fileID: 4173473159819046, guid: e84369680dca72b48abcee0f7b7e25eb, type: 2}
      propertyPath: m_LocalEulerAnglesHint.x
      value: 0
      objectReference: {fileID: 0}
    m_RemovedComponents: []
  m_SourcePrefab: {fileID: 100100000, guid: e84369680dca72b48abcee0f7b7e25eb, type: 2}
  m_IsPrefabAsset: 0
--- !u!4 &806450685 stripped
Transform:
  m_CorrespondingSourceObject: {fileID: 4173473159819046, guid: e84369680dca72b48abcee0f7b7e25eb,
    type: 2}
  m_PrefabInternal: {fileID: 806450684}
--- !u!1001 &880725438
Prefab:
  m_ObjectHideFlags: 0
  serializedVersion: 2
  m_Modification:
    m_TransformParent: {fileID: 434996767}
    m_Modifications:
    - target: {fileID: 4173473159819046, guid: e84369680dca72b48abcee0f7b7e25eb, type: 2}
      propertyPath: m_LocalPosition.x
      value: 23.39
      objectReference: {fileID: 0}
    - target: {fileID: 4173473159819046, guid: e84369680dca72b48abcee0f7b7e25eb, type: 2}
      propertyPath: m_LocalPosition.y
      value: 3.14
      objectReference: {fileID: 0}
    - target: {fileID: 4173473159819046, guid: e84369680dca72b48abcee0f7b7e25eb, type: 2}
      propertyPath: m_LocalPosition.z
      value: 0
      objectReference: {fileID: 0}
    - target: {fileID: 4173473159819046, guid: e84369680dca72b48abcee0f7b7e25eb, type: 2}
      propertyPath: m_LocalRotation.x
      value: 0.05576913
      objectReference: {fileID: 0}
    - target: {fileID: 4173473159819046, guid: e84369680dca72b48abcee0f7b7e25eb, type: 2}
      propertyPath: m_LocalRotation.y
      value: 0.30299369
      objectReference: {fileID: 0}
    - target: {fileID: 4173473159819046, guid: e84369680dca72b48abcee0f7b7e25eb, type: 2}
      propertyPath: m_LocalRotation.z
      value: 0.12912396
      objectReference: {fileID: 0}
    - target: {fileID: 4173473159819046, guid: e84369680dca72b48abcee0f7b7e25eb, type: 2}
      propertyPath: m_LocalRotation.w
      value: 0.94255596
      objectReference: {fileID: 0}
    - target: {fileID: 4173473159819046, guid: e84369680dca72b48abcee0f7b7e25eb, type: 2}
      propertyPath: m_RootOrder
      value: 5
      objectReference: {fileID: 0}
    - target: {fileID: 4173473159819046, guid: e84369680dca72b48abcee0f7b7e25eb, type: 2}
      propertyPath: m_LocalScale.x
      value: 3.5413709
      objectReference: {fileID: 0}
    - target: {fileID: 4173473159819046, guid: e84369680dca72b48abcee0f7b7e25eb, type: 2}
      propertyPath: m_LocalScale.y
      value: 19.778229
      objectReference: {fileID: 0}
    - target: {fileID: 1669808839808538, guid: e84369680dca72b48abcee0f7b7e25eb, type: 2}
      propertyPath: m_StaticEditorFlags
      value: 0
      objectReference: {fileID: 0}
    - target: {fileID: 1669808839808538, guid: e84369680dca72b48abcee0f7b7e25eb, type: 2}
      propertyPath: m_Name
      value: Obstacle (9)
      objectReference: {fileID: 0}
    - target: {fileID: 4173473159819046, guid: e84369680dca72b48abcee0f7b7e25eb, type: 2}
      propertyPath: m_LocalEulerAnglesHint.z
      value: 16.1
      objectReference: {fileID: 0}
    - target: {fileID: 4173473159819046, guid: e84369680dca72b48abcee0f7b7e25eb, type: 2}
      propertyPath: m_LocalScale.z
      value: 9.243565
      objectReference: {fileID: 0}
    - target: {fileID: 4173473159819046, guid: e84369680dca72b48abcee0f7b7e25eb, type: 2}
      propertyPath: m_LocalEulerAnglesHint.y
      value: 35.859
      objectReference: {fileID: 0}
    - target: {fileID: 4173473159819046, guid: e84369680dca72b48abcee0f7b7e25eb, type: 2}
      propertyPath: m_LocalEulerAnglesHint.x
      value: 1.5400001
      objectReference: {fileID: 0}
    m_RemovedComponents: []
  m_SourcePrefab: {fileID: 100100000, guid: e84369680dca72b48abcee0f7b7e25eb, type: 2}
  m_IsPrefabAsset: 0
--- !u!1 &919314369
GameObject:
  m_ObjectHideFlags: 0
  m_CorrespondingSourceObject: {fileID: 1197909878048252, guid: 8fa1fd27c6a282c418ef0cbdb282b6cd,
    type: 2}
  m_PrefabInternal: {fileID: 0}
  serializedVersion: 6
  m_Component:
  - component: {fileID: 919314370}
  - component: {fileID: 919314371}
  m_Layer: 0
  m_Name: Spot Light (2)
  m_TagString: Untagged
  m_Icon: {fileID: 0}
  m_NavMeshLayer: 0
  m_StaticEditorFlags: 0
  m_IsActive: 1
--- !u!4 &919314370
Transform:
  m_ObjectHideFlags: 0
  m_CorrespondingSourceObject: {fileID: 4099813682743252, guid: 8fa1fd27c6a282c418ef0cbdb282b6cd,
    type: 2}
  m_PrefabInternal: {fileID: 0}
  m_GameObject: {fileID: 919314369}
  m_LocalRotation: {x: -0.000000029802326, y: -0.70710677, z: 0.70710677, w: -0.000000029802326}
  m_LocalPosition: {x: 0, y: -0.3, z: 0}
  m_LocalScale: {x: 1, y: 1.0000005, z: 1.0000006}
  m_Children: []
  m_Father: {fileID: 616353562}
  m_RootOrder: 9
  m_LocalEulerAnglesHint: {x: 90, y: -90.00001, z: 90.00001}
--- !u!108 &919314371
Light:
  m_ObjectHideFlags: 0
  m_CorrespondingSourceObject: {fileID: 108406287389519096, guid: 8fa1fd27c6a282c418ef0cbdb282b6cd,
    type: 2}
  m_PrefabInternal: {fileID: 0}
  m_GameObject: {fileID: 919314369}
  m_Enabled: 1
  serializedVersion: 8
  m_Type: 0
  m_Color: {r: 0.9622642, g: 0.9474613, b: 0.086240634, a: 1}
  m_Intensity: 15
  m_Range: 6.49
  m_SpotAngle: 43.3
  m_CookieSize: 10
  m_Shadows:
    m_Type: 1
    m_Resolution: 1
    m_CustomResolution: -1
    m_Strength: 1
    m_Bias: 0.05
    m_NormalBias: 0.4
    m_NearPlane: 0.2
  m_Cookie: {fileID: 0}
  m_DrawHalo: 0
  m_Flare: {fileID: 0}
  m_RenderMode: 0
  m_CullingMask:
    serializedVersion: 2
    m_Bits: 4294967295
  m_Lightmapping: 4
  m_LightShadowCasterMode: 0
  m_AreaSize: {x: 1, y: 1}
  m_BounceIntensity: 1
  m_ColorTemperature: 6570
  m_UseColorTemperature: 0
  m_ShadowRadius: 0
  m_ShadowAngle: 0
--- !u!1001 &987320641
Prefab:
  m_ObjectHideFlags: 0
  serializedVersion: 2
  m_Modification:
    m_TransformParent: {fileID: 1603449937}
    m_Modifications:
    - target: {fileID: 4029852299017076, guid: 66c4f981288596d4fae17e4a6b10c2ac, type: 2}
      propertyPath: m_LocalPosition.x
      value: 0
      objectReference: {fileID: 0}
    - target: {fileID: 4029852299017076, guid: 66c4f981288596d4fae17e4a6b10c2ac, type: 2}
      propertyPath: m_LocalPosition.y
      value: -15
      objectReference: {fileID: 0}
    - target: {fileID: 4029852299017076, guid: 66c4f981288596d4fae17e4a6b10c2ac, type: 2}
      propertyPath: m_LocalPosition.z
      value: 0
      objectReference: {fileID: 0}
    - target: {fileID: 4029852299017076, guid: 66c4f981288596d4fae17e4a6b10c2ac, type: 2}
      propertyPath: m_LocalRotation.x
      value: -0
      objectReference: {fileID: 0}
    - target: {fileID: 4029852299017076, guid: 66c4f981288596d4fae17e4a6b10c2ac, type: 2}
      propertyPath: m_LocalRotation.y
      value: -0
      objectReference: {fileID: 0}
    - target: {fileID: 4029852299017076, guid: 66c4f981288596d4fae17e4a6b10c2ac, type: 2}
      propertyPath: m_LocalRotation.z
      value: -0
      objectReference: {fileID: 0}
    - target: {fileID: 4029852299017076, guid: 66c4f981288596d4fae17e4a6b10c2ac, type: 2}
      propertyPath: m_LocalRotation.w
      value: 1
      objectReference: {fileID: 0}
    - target: {fileID: 4029852299017076, guid: 66c4f981288596d4fae17e4a6b10c2ac, type: 2}
      propertyPath: m_RootOrder
      value: 1
      objectReference: {fileID: 0}
    - target: {fileID: 4029852299017076, guid: 66c4f981288596d4fae17e4a6b10c2ac, type: 2}
      propertyPath: m_LocalScale.z
      value: 71.354996
      objectReference: {fileID: 0}
    m_RemovedComponents: []
  m_SourcePrefab: {fileID: 100100000, guid: 66c4f981288596d4fae17e4a6b10c2ac, type: 2}
  m_IsPrefabAsset: 0
--- !u!4 &987320642 stripped
Transform:
  m_CorrespondingSourceObject: {fileID: 4029852299017076, guid: 66c4f981288596d4fae17e4a6b10c2ac,
    type: 2}
  m_PrefabInternal: {fileID: 987320641}
--- !u!4 &1061060988 stripped
Transform:
  m_CorrespondingSourceObject: {fileID: 4173473159819046, guid: e84369680dca72b48abcee0f7b7e25eb,
    type: 2}
  m_PrefabInternal: {fileID: 1406576293}
--- !u!1001 &1077093696
Prefab:
  m_ObjectHideFlags: 0
  serializedVersion: 2
  m_Modification:
    m_TransformParent: {fileID: 434996767}
    m_Modifications:
    - target: {fileID: 4173473159819046, guid: e84369680dca72b48abcee0f7b7e25eb, type: 2}
      propertyPath: m_LocalPosition.x
      value: 20.26
      objectReference: {fileID: 0}
    - target: {fileID: 4173473159819046, guid: e84369680dca72b48abcee0f7b7e25eb, type: 2}
      propertyPath: m_LocalPosition.y
      value: 18.14
      objectReference: {fileID: 0}
    - target: {fileID: 4173473159819046, guid: e84369680dca72b48abcee0f7b7e25eb, type: 2}
      propertyPath: m_LocalPosition.z
      value: 0
      objectReference: {fileID: 0}
    - target: {fileID: 4173473159819046, guid: e84369680dca72b48abcee0f7b7e25eb, type: 2}
      propertyPath: m_LocalRotation.x
      value: 0.024958925
      objectReference: {fileID: 0}
    - target: {fileID: 4173473159819046, guid: e84369680dca72b48abcee0f7b7e25eb, type: 2}
      propertyPath: m_LocalRotation.y
      value: 0.3548337
      objectReference: {fileID: 0}
    - target: {fileID: 4173473159819046, guid: e84369680dca72b48abcee0f7b7e25eb, type: 2}
      propertyPath: m_LocalRotation.z
      value: -0.091580674
      objectReference: {fileID: 0}
    - target: {fileID: 4173473159819046, guid: e84369680dca72b48abcee0f7b7e25eb, type: 2}
      propertyPath: m_LocalRotation.w
      value: 0.9300985
      objectReference: {fileID: 0}
    - target: {fileID: 4173473159819046, guid: e84369680dca72b48abcee0f7b7e25eb, type: 2}
      propertyPath: m_RootOrder
      value: 6
      objectReference: {fileID: 0}
    - target: {fileID: 4173473159819046, guid: e84369680dca72b48abcee0f7b7e25eb, type: 2}
      propertyPath: m_LocalScale.x
      value: 3.54137
      objectReference: {fileID: 0}
    - target: {fileID: 4173473159819046, guid: e84369680dca72b48abcee0f7b7e25eb, type: 2}
      propertyPath: m_LocalScale.y
      value: 9.562971
      objectReference: {fileID: 0}
    - target: {fileID: 1669808839808538, guid: e84369680dca72b48abcee0f7b7e25eb, type: 2}
      propertyPath: m_StaticEditorFlags
      value: 0
      objectReference: {fileID: 0}
    - target: {fileID: 1669808839808538, guid: e84369680dca72b48abcee0f7b7e25eb, type: 2}
      propertyPath: m_Name
      value: Obstacle (10)
      objectReference: {fileID: 0}
    - target: {fileID: 4173473159819046, guid: e84369680dca72b48abcee0f7b7e25eb, type: 2}
      propertyPath: m_LocalEulerAnglesHint.z
      value: -8.836
      objectReference: {fileID: 0}
    - target: {fileID: 4173473159819046, guid: e84369680dca72b48abcee0f7b7e25eb, type: 2}
      propertyPath: m_LocalScale.z
      value: 9.243568
      objectReference: {fileID: 0}
    - target: {fileID: 4173473159819046, guid: e84369680dca72b48abcee0f7b7e25eb, type: 2}
      propertyPath: m_LocalEulerAnglesHint.y
      value: 41.269
      objectReference: {fileID: 0}
    - target: {fileID: 4173473159819046, guid: e84369680dca72b48abcee0f7b7e25eb, type: 2}
      propertyPath: m_LocalEulerAnglesHint.x
      value: 6.3970003
      objectReference: {fileID: 0}
    m_RemovedComponents: []
  m_SourcePrefab: {fileID: 100100000, guid: e84369680dca72b48abcee0f7b7e25eb, type: 2}
  m_IsPrefabAsset: 0
--- !u!4 &1231653319 stripped
Transform:
  m_CorrespondingSourceObject: {fileID: 4173473159819046, guid: e84369680dca72b48abcee0f7b7e25eb,
    type: 2}
  m_PrefabInternal: {fileID: 1077093696}
--- !u!1 &1263212073
GameObject:
  m_ObjectHideFlags: 0
  m_CorrespondingSourceObject: {fileID: 0}
  m_PrefabInternal: {fileID: 0}
  serializedVersion: 6
  m_Component:
  - component: {fileID: 1263212074}
  m_Layer: 0
  m_Name: Light
  m_TagString: Untagged
  m_Icon: {fileID: 0}
  m_NavMeshLayer: 0
  m_StaticEditorFlags: 0
  m_IsActive: 1
--- !u!4 &1263212074
Transform:
  m_ObjectHideFlags: 0
  m_CorrespondingSourceObject: {fileID: 0}
  m_PrefabInternal: {fileID: 0}
  m_GameObject: {fileID: 1263212073}
  m_LocalRotation: {x: 0, y: 0, z: 0, w: 1}
  m_LocalPosition: {x: 0, y: 0, z: 0}
  m_LocalScale: {x: 1, y: 1, z: 1}
  m_Children:
  - {fileID: 1508662995}
  - {fileID: 1427247535}
  m_Father: {fileID: 0}
  m_RootOrder: 1
  m_LocalEulerAnglesHint: {x: 0, y: 0, z: 0}
--- !u!4 &1299866229 stripped
Transform:
  m_CorrespondingSourceObject: {fileID: 4173473159819046, guid: e84369680dca72b48abcee0f7b7e25eb,
    type: 2}
  m_PrefabInternal: {fileID: 417177366}
--- !u!1001 &1352658018
Prefab:
  m_ObjectHideFlags: 0
  serializedVersion: 2
  m_Modification:
    m_TransformParent: {fileID: 434996767}
    m_Modifications:
    - target: {fileID: 4173473159819046, guid: e84369680dca72b48abcee0f7b7e25eb, type: 2}
      propertyPath: m_LocalPosition.x
      value: -17.38
      objectReference: {fileID: 0}
    - target: {fileID: 4173473159819046, guid: e84369680dca72b48abcee0f7b7e25eb, type: 2}
      propertyPath: m_LocalPosition.y
      value: 1.11
      objectReference: {fileID: 0}
    - target: {fileID: 4173473159819046, guid: e84369680dca72b48abcee0f7b7e25eb, type: 2}
      propertyPath: m_LocalPosition.z
      value: 0
      objectReference: {fileID: 0}
    - target: {fileID: 4173473159819046, guid: e84369680dca72b48abcee0f7b7e25eb, type: 2}
      propertyPath: m_LocalRotation.x
      value: -0
      objectReference: {fileID: 0}
    - target: {fileID: 4173473159819046, guid: e84369680dca72b48abcee0f7b7e25eb, type: 2}
      propertyPath: m_LocalRotation.y
      value: -0
      objectReference: {fileID: 0}
    - target: {fileID: 4173473159819046, guid: e84369680dca72b48abcee0f7b7e25eb, type: 2}
      propertyPath: m_LocalRotation.z
      value: -0.7031826
      objectReference: {fileID: 0}
    - target: {fileID: 4173473159819046, guid: e84369680dca72b48abcee0f7b7e25eb, type: 2}
      propertyPath: m_LocalRotation.w
      value: 0.7110093
      objectReference: {fileID: 0}
    - target: {fileID: 4173473159819046, guid: e84369680dca72b48abcee0f7b7e25eb, type: 2}
      propertyPath: m_RootOrder
      value: 4
      objectReference: {fileID: 0}
    - target: {fileID: 4173473159819046, guid: e84369680dca72b48abcee0f7b7e25eb, type: 2}
      propertyPath: m_LocalScale.x
      value: 1.44383
      objectReference: {fileID: 0}
    - target: {fileID: 4173473159819046, guid: e84369680dca72b48abcee0f7b7e25eb, type: 2}
      propertyPath: m_LocalScale.y
      value: 2.7521524
      objectReference: {fileID: 0}
    - target: {fileID: 1669808839808538, guid: e84369680dca72b48abcee0f7b7e25eb, type: 2}
      propertyPath: m_StaticEditorFlags
      value: 0
      objectReference: {fileID: 0}
    - target: {fileID: 1669808839808538, guid: e84369680dca72b48abcee0f7b7e25eb, type: 2}
      propertyPath: m_Name
      value: Obstacle (8)
      objectReference: {fileID: 0}
    - target: {fileID: 4173473159819046, guid: e84369680dca72b48abcee0f7b7e25eb, type: 2}
      propertyPath: m_LocalEulerAnglesHint.z
      value: -89.366005
      objectReference: {fileID: 0}
    - target: {fileID: 4173473159819046, guid: e84369680dca72b48abcee0f7b7e25eb, type: 2}
      propertyPath: m_LocalScale.z
      value: 7.964483
      objectReference: {fileID: 0}
    m_RemovedComponents: []
  m_SourcePrefab: {fileID: 100100000, guid: e84369680dca72b48abcee0f7b7e25eb, type: 2}
  m_IsPrefabAsset: 0
--- !u!1001 &1406576293
Prefab:
  m_ObjectHideFlags: 0
  serializedVersion: 2
  m_Modification:
    m_TransformParent: {fileID: 434996767}
    m_Modifications:
    - target: {fileID: 4173473159819046, guid: e84369680dca72b48abcee0f7b7e25eb, type: 2}
      propertyPath: m_LocalPosition.x
      value: -6.65
      objectReference: {fileID: 0}
    - target: {fileID: 4173473159819046, guid: e84369680dca72b48abcee0f7b7e25eb, type: 2}
      propertyPath: m_LocalPosition.y
      value: 31.24
      objectReference: {fileID: 0}
    - target: {fileID: 4173473159819046, guid: e84369680dca72b48abcee0f7b7e25eb, type: 2}
      propertyPath: m_LocalPosition.z
      value: 0
      objectReference: {fileID: 0}
    - target: {fileID: 4173473159819046, guid: e84369680dca72b48abcee0f7b7e25eb, type: 2}
      propertyPath: m_LocalRotation.x
      value: -0.057266567
      objectReference: {fileID: 0}
    - target: {fileID: 4173473159819046, guid: e84369680dca72b48abcee0f7b7e25eb, type: 2}
      propertyPath: m_LocalRotation.y
      value: 0.14055339
      objectReference: {fileID: 0}
    - target: {fileID: 4173473159819046, guid: e84369680dca72b48abcee0f7b7e25eb, type: 2}
      propertyPath: m_LocalRotation.z
      value: 0.6892313
      objectReference: {fileID: 0}
    - target: {fileID: 4173473159819046, guid: e84369680dca72b48abcee0f7b7e25eb, type: 2}
      propertyPath: m_LocalRotation.w
      value: 0.708467
      objectReference: {fileID: 0}
    - target: {fileID: 4173473159819046, guid: e84369680dca72b48abcee0f7b7e25eb, type: 2}
      propertyPath: m_RootOrder
      value: 10
      objectReference: {fileID: 0}
    - target: {fileID: 4173473159819046, guid: e84369680dca72b48abcee0f7b7e25eb, type: 2}
      propertyPath: m_LocalScale.x
      value: 1.4819115
      objectReference: {fileID: 0}
    - target: {fileID: 4173473159819046, guid: e84369680dca72b48abcee0f7b7e25eb, type: 2}
      propertyPath: m_LocalScale.y
      value: 16.028492
      objectReference: {fileID: 0}
    - target: {fileID: 1669808839808538, guid: e84369680dca72b48abcee0f7b7e25eb, type: 2}
      propertyPath: m_StaticEditorFlags
      value: 0
      objectReference: {fileID: 0}
    - target: {fileID: 1669808839808538, guid: e84369680dca72b48abcee0f7b7e25eb, type: 2}
      propertyPath: m_Name
      value: Obstacle (14)
      objectReference: {fileID: 0}
    - target: {fileID: 4173473159819046, guid: e84369680dca72b48abcee0f7b7e25eb, type: 2}
      propertyPath: m_LocalEulerAnglesHint.z
      value: 87.415
      objectReference: {fileID: 0}
    - target: {fileID: 4173473159819046, guid: e84369680dca72b48abcee0f7b7e25eb, type: 2}
      propertyPath: m_LocalScale.z
      value: 9.243569
      objectReference: {fileID: 0}
    - target: {fileID: 4173473159819046, guid: e84369680dca72b48abcee0f7b7e25eb, type: 2}
      propertyPath: m_LocalEulerAnglesHint.y
      value: 7.1830006
      objectReference: {fileID: 0}
    - target: {fileID: 4173473159819046, guid: e84369680dca72b48abcee0f7b7e25eb, type: 2}
      propertyPath: m_LocalEulerAnglesHint.x
      value: -15.955001
      objectReference: {fileID: 0}
    m_RemovedComponents: []
  m_SourcePrefab: {fileID: 100100000, guid: e84369680dca72b48abcee0f7b7e25eb, type: 2}
  m_IsPrefabAsset: 0
--- !u!1001 &1414637334
Prefab:
  m_ObjectHideFlags: 0
  serializedVersion: 2
  m_Modification:
    m_TransformParent: {fileID: 434996767}
    m_Modifications:
    - target: {fileID: 4173473159819046, guid: e84369680dca72b48abcee0f7b7e25eb, type: 2}
      propertyPath: m_LocalPosition.x
      value: -23.95
      objectReference: {fileID: 0}
    - target: {fileID: 4173473159819046, guid: e84369680dca72b48abcee0f7b7e25eb, type: 2}
      propertyPath: m_LocalPosition.y
      value: 2.82
      objectReference: {fileID: 0}
    - target: {fileID: 4173473159819046, guid: e84369680dca72b48abcee0f7b7e25eb, type: 2}
      propertyPath: m_LocalPosition.z
      value: 0
      objectReference: {fileID: 0}
    - target: {fileID: 4173473159819046, guid: e84369680dca72b48abcee0f7b7e25eb, type: 2}
      propertyPath: m_LocalRotation.x
      value: 0.020989377
      objectReference: {fileID: 0}
    - target: {fileID: 4173473159819046, guid: e84369680dca72b48abcee0f7b7e25eb, type: 2}
      propertyPath: m_LocalRotation.y
      value: 0.10107168
      objectReference: {fileID: 0}
    - target: {fileID: 4173473159819046, guid: e84369680dca72b48abcee0f7b7e25eb, type: 2}
      propertyPath: m_LocalRotation.z
      value: 0.20224418
      objectReference: {fileID: 0}
    - target: {fileID: 4173473159819046, guid: e84369680dca72b48abcee0f7b7e25eb, type: 2}
      propertyPath: m_LocalRotation.w
      value: 0.9738795
      objectReference: {fileID: 0}
    - target: {fileID: 4173473159819046, guid: e84369680dca72b48abcee0f7b7e25eb, type: 2}
      propertyPath: m_RootOrder
      value: 2
      objectReference: {fileID: 0}
    - target: {fileID: 4173473159819046, guid: e84369680dca72b48abcee0f7b7e25eb, type: 2}
      propertyPath: m_LocalScale.x
      value: 1.0343499
      objectReference: {fileID: 0}
    - target: {fileID: 4173473159819046, guid: e84369680dca72b48abcee0f7b7e25eb, type: 2}
      propertyPath: m_LocalScale.y
      value: 7.4741993
      objectReference: {fileID: 0}
    - target: {fileID: 1669808839808538, guid: e84369680dca72b48abcee0f7b7e25eb, type: 2}
      propertyPath: m_StaticEditorFlags
      value: 0
      objectReference: {fileID: 0}
    - target: {fileID: 1669808839808538, guid: e84369680dca72b48abcee0f7b7e25eb, type: 2}
      propertyPath: m_Name
      value: Obstacle (3)
      objectReference: {fileID: 0}
    - target: {fileID: 4173473159819046, guid: e84369680dca72b48abcee0f7b7e25eb, type: 2}
      propertyPath: m_LocalEulerAnglesHint.z
      value: 23.464
      objectReference: {fileID: 0}
    - target: {fileID: 4173473159819046, guid: e84369680dca72b48abcee0f7b7e25eb, type: 2}
      propertyPath: m_LocalScale.z
      value: 11.5324
      objectReference: {fileID: 0}
    - target: {fileID: 4173473159819046, guid: e84369680dca72b48abcee0f7b7e25eb, type: 2}
      propertyPath: m_LocalEulerAnglesHint.y
      value: 11.85
      objectReference: {fileID: 0}
    m_RemovedComponents: []
  m_SourcePrefab: {fileID: 100100000, guid: e84369680dca72b48abcee0f7b7e25eb, type: 2}
  m_IsPrefabAsset: 0
--- !u!108 &1427247534 stripped
Light:
  m_CorrespondingSourceObject: {fileID: 108156604245019516, guid: 777f3cca01dd4a6498714c5441097cb5,
    type: 2}
  m_PrefabInternal: {fileID: 1998372997}
--- !u!4 &1427247535 stripped
Transform:
  m_CorrespondingSourceObject: {fileID: 4713285421810236, guid: 777f3cca01dd4a6498714c5441097cb5,
    type: 2}
  m_PrefabInternal: {fileID: 1998372997}
--- !u!1001 &1443647737
Prefab:
  m_ObjectHideFlags: 0
  serializedVersion: 2
  m_Modification:
    m_TransformParent: {fileID: 0}
    m_Modifications:
    - target: {fileID: 4387146903010416, guid: 60b25bef617d46446b131a330f0e2258, type: 2}
      propertyPath: m_LocalPosition.x
      value: -2.7320576
      objectReference: {fileID: 0}
    - target: {fileID: 4387146903010416, guid: 60b25bef617d46446b131a330f0e2258, type: 2}
      propertyPath: m_LocalPosition.y
      value: 16.221146
      objectReference: {fileID: 0}
    - target: {fileID: 4387146903010416, guid: 60b25bef617d46446b131a330f0e2258, type: 2}
      propertyPath: m_LocalPosition.z
      value: -30.763443
      objectReference: {fileID: 0}
    - target: {fileID: 4387146903010416, guid: 60b25bef617d46446b131a330f0e2258, type: 2}
      propertyPath: m_LocalRotation.x
      value: -0.045290425
      objectReference: {fileID: 0}
    - target: {fileID: 4387146903010416, guid: 60b25bef617d46446b131a330f0e2258, type: 2}
      propertyPath: m_LocalRotation.y
      value: -0.02787083
      objectReference: {fileID: 0}
    - target: {fileID: 4387146903010416, guid: 60b25bef617d46446b131a330f0e2258, type: 2}
      propertyPath: m_LocalRotation.z
      value: 0.0012636881
      objectReference: {fileID: 0}
    - target: {fileID: 4387146903010416, guid: 60b25bef617d46446b131a330f0e2258, type: 2}
      propertyPath: m_LocalRotation.w
      value: -0.9985842
      objectReference: {fileID: 0}
    - target: {fileID: 4387146903010416, guid: 60b25bef617d46446b131a330f0e2258, type: 2}
      propertyPath: m_RootOrder
      value: 0
      objectReference: {fileID: 0}
    - target: {fileID: 4387146903010416, guid: 60b25bef617d46446b131a330f0e2258, type: 2}
      propertyPath: m_LocalScale.z
      value: 1.0000001
      objectReference: {fileID: 0}
    m_RemovedComponents: []
  m_SourcePrefab: {fileID: 100100000, guid: 60b25bef617d46446b131a330f0e2258, type: 2}
  m_IsPrefabAsset: 0
--- !u!1 &1508662994
GameObject:
  m_ObjectHideFlags: 0
  m_CorrespondingSourceObject: {fileID: 0}
  m_PrefabInternal: {fileID: 0}
  serializedVersion: 6
  m_Component:
  - component: {fileID: 1508662995}
  - component: {fileID: 1508662996}
  m_Layer: 0
  m_Name: Spot Light 2
  m_TagString: Untagged
  m_Icon: {fileID: 0}
  m_NavMeshLayer: 0
  m_StaticEditorFlags: 0
  m_IsActive: 1
--- !u!4 &1508662995
Transform:
  m_ObjectHideFlags: 0
  m_CorrespondingSourceObject: {fileID: 0}
  m_PrefabInternal: {fileID: 0}
  m_GameObject: {fileID: 1508662994}
  m_LocalRotation: {x: 0.21701866, y: 0.47579733, z: -0.3537186, w: 0.7755018}
  m_LocalPosition: {x: -15.2, y: 29.6, z: -14.41}
  m_LocalScale: {x: 1, y: 1, z: 1}
  m_Children: []
  m_Father: {fileID: 1263212074}
  m_RootOrder: 0
  m_LocalEulerAnglesHint: {x: 42.314003, y: 52.218002, z: -27.557001}
--- !u!108 &1508662996
Light:
  m_ObjectHideFlags: 0
  m_CorrespondingSourceObject: {fileID: 0}
  m_PrefabInternal: {fileID: 0}
  m_GameObject: {fileID: 1508662994}
  m_Enabled: 1
  serializedVersion: 8
  m_Type: 0
  m_Color: {r: 0, g: 0.7670984, b: 1, a: 1}
  m_Intensity: 28.4
  m_Range: 41.49
  m_SpotAngle: 72.8
  m_CookieSize: 10
  m_Shadows:
    m_Type: 1
    m_Resolution: -1
    m_CustomResolution: -1
    m_Strength: 1
    m_Bias: 0.05
    m_NormalBias: 0.4
    m_NearPlane: 0.2
  m_Cookie: {fileID: 0}
  m_DrawHalo: 0
  m_Flare: {fileID: 0}
  m_RenderMode: 0
  m_CullingMask:
    serializedVersion: 2
    m_Bits: 4294967295
  m_Lightmapping: 4
  m_LightShadowCasterMode: 0
  m_AreaSize: {x: 1, y: 1}
  m_BounceIntensity: 1
  m_ColorTemperature: 6570
  m_UseColorTemperature: 0
  m_ShadowRadius: 0
  m_ShadowAngle: 0
--- !u!1001 &1579136144
Prefab:
  m_ObjectHideFlags: 0
  serializedVersion: 2
  m_Modification:
    m_TransformParent: {fileID: 1603449937}
    m_Modifications:
    - target: {fileID: 4642783315403874, guid: faf82d29b389f13498e32d6bd4dbe003, type: 2}
      propertyPath: m_LocalPosition.x
      value: -19.8
      objectReference: {fileID: 0}
    - target: {fileID: 4642783315403874, guid: faf82d29b389f13498e32d6bd4dbe003, type: 2}
      propertyPath: m_LocalPosition.y
      value: 3.38
      objectReference: {fileID: 0}
    - target: {fileID: 4642783315403874, guid: faf82d29b389f13498e32d6bd4dbe003, type: 2}
      propertyPath: m_LocalPosition.z
      value: 0
      objectReference: {fileID: 0}
    - target: {fileID: 4642783315403874, guid: faf82d29b389f13498e32d6bd4dbe003, type: 2}
      propertyPath: m_LocalRotation.x
      value: -0
      objectReference: {fileID: 0}
    - target: {fileID: 4642783315403874, guid: faf82d29b389f13498e32d6bd4dbe003, type: 2}
      propertyPath: m_LocalRotation.y
      value: -0
      objectReference: {fileID: 0}
    - target: {fileID: 4642783315403874, guid: faf82d29b389f13498e32d6bd4dbe003, type: 2}
      propertyPath: m_LocalRotation.z
      value: -0
      objectReference: {fileID: 0}
    - target: {fileID: 4642783315403874, guid: faf82d29b389f13498e32d6bd4dbe003, type: 2}
      propertyPath: m_LocalRotation.w
      value: 1
      objectReference: {fileID: 0}
    - target: {fileID: 4642783315403874, guid: faf82d29b389f13498e32d6bd4dbe003, type: 2}
      propertyPath: m_RootOrder
      value: 2
      objectReference: {fileID: 0}
    - target: {fileID: 1316708854335278, guid: faf82d29b389f13498e32d6bd4dbe003, type: 2}
      propertyPath: m_TagString
      value: Friendly
      objectReference: {fileID: 0}
    - target: {fileID: 23103470713528260, guid: faf82d29b389f13498e32d6bd4dbe003,
        type: 2}
      propertyPath: m_Materials.Array.data[0]
      value: 
      objectReference: {fileID: 2100000, guid: 76133950a9b2eb34c81c9c6242a49984, type: 2}
    - target: {fileID: 4642783315403874, guid: faf82d29b389f13498e32d6bd4dbe003, type: 2}
      propertyPath: m_LocalScale.x
      value: 4.658
      objectReference: {fileID: 0}
    - target: {fileID: 4642783315403874, guid: faf82d29b389f13498e32d6bd4dbe003, type: 2}
      propertyPath: m_LocalScale.z
      value: 3.8972
      objectReference: {fileID: 0}
    m_RemovedComponents: []
  m_SourcePrefab: {fileID: 100100000, guid: faf82d29b389f13498e32d6bd4dbe003, type: 2}
  m_IsPrefabAsset: 0
--- !u!4 &1579136145 stripped
Transform:
  m_CorrespondingSourceObject: {fileID: 4642783315403874, guid: faf82d29b389f13498e32d6bd4dbe003,
    type: 2}
  m_PrefabInternal: {fileID: 1579136144}
--- !u!1 &1603449936
GameObject:
  m_ObjectHideFlags: 0
  m_CorrespondingSourceObject: {fileID: 0}
  m_PrefabInternal: {fileID: 0}
  serializedVersion: 6
  m_Component:
  - component: {fileID: 1603449937}
  m_Layer: 0
  m_Name: Enviroment
  m_TagString: Untagged
  m_Icon: {fileID: 0}
  m_NavMeshLayer: 0
  m_StaticEditorFlags: 0
  m_IsActive: 1
--- !u!4 &1603449937
Transform:
  m_ObjectHideFlags: 0
  m_CorrespondingSourceObject: {fileID: 0}
  m_PrefabInternal: {fileID: 0}
  m_GameObject: {fileID: 1603449936}
  m_LocalRotation: {x: -0, y: -0, z: -0, w: 1}
  m_LocalPosition: {x: 0, y: 0, z: 0}
  m_LocalScale: {x: 1, y: 1, z: 1}
  m_Children:
  - {fileID: 434996767}
  - {fileID: 987320642}
  - {fileID: 1579136145}
  - {fileID: 462028733}
  - {fileID: 353139343}
  m_Father: {fileID: 0}
  m_RootOrder: 4
  m_LocalEulerAnglesHint: {x: 0, y: 0, z: 0}
--- !u!1001 &1774804721
Prefab:
  m_ObjectHideFlags: 0
  serializedVersion: 2
  m_Modification:
    m_TransformParent: {fileID: 434996767}
    m_Modifications:
    - target: {fileID: 4173473159819046, guid: e84369680dca72b48abcee0f7b7e25eb, type: 2}
      propertyPath: m_LocalPosition.x
      value: -19.86
      objectReference: {fileID: 0}
    - target: {fileID: 4173473159819046, guid: e84369680dca72b48abcee0f7b7e25eb, type: 2}
      propertyPath: m_LocalPosition.y
      value: 1.79
      objectReference: {fileID: 0}
    - target: {fileID: 4173473159819046, guid: e84369680dca72b48abcee0f7b7e25eb, type: 2}
      propertyPath: m_LocalPosition.z
      value: -1.58
      objectReference: {fileID: 0}
    - target: {fileID: 4173473159819046, guid: e84369680dca72b48abcee0f7b7e25eb, type: 2}
      propertyPath: m_LocalRotation.x
      value: -0
      objectReference: {fileID: 0}
    - target: {fileID: 4173473159819046, guid: e84369680dca72b48abcee0f7b7e25eb, type: 2}
      propertyPath: m_LocalRotation.y
      value: 0.52489287
      objectReference: {fileID: 0}
    - target: {fileID: 4173473159819046, guid: e84369680dca72b48abcee0f7b7e25eb, type: 2}
      propertyPath: m_LocalRotation.z
      value: -0
      objectReference: {fileID: 0}
    - target: {fileID: 4173473159819046, guid: e84369680dca72b48abcee0f7b7e25eb, type: 2}
      propertyPath: m_LocalRotation.w
      value: 0.85116833
      objectReference: {fileID: 0}
    - target: {fileID: 4173473159819046, guid: e84369680dca72b48abcee0f7b7e25eb, type: 2}
      propertyPath: m_RootOrder
      value: 0
      objectReference: {fileID: 0}
    - target: {fileID: 4173473159819046, guid: e84369680dca72b48abcee0f7b7e25eb, type: 2}
      propertyPath: m_LocalScale.x
      value: 1.44383
      objectReference: {fileID: 0}
    - target: {fileID: 4173473159819046, guid: e84369680dca72b48abcee0f7b7e25eb, type: 2}
      propertyPath: m_LocalScale.y
      value: 2.7279994
      objectReference: {fileID: 0}
    - target: {fileID: 1669808839808538, guid: e84369680dca72b48abcee0f7b7e25eb, type: 2}
      propertyPath: m_StaticEditorFlags
      value: 0
      objectReference: {fileID: 0}
    - target: {fileID: 1669808839808538, guid: e84369680dca72b48abcee0f7b7e25eb, type: 2}
      propertyPath: m_Name
      value: Obstacle (1)
      objectReference: {fileID: 0}
    - target: {fileID: 4173473159819046, guid: e84369680dca72b48abcee0f7b7e25eb, type: 2}
      propertyPath: m_LocalEulerAnglesHint.y
      value: 63.322002
      objectReference: {fileID: 0}
    - target: {fileID: 4173473159819046, guid: e84369680dca72b48abcee0f7b7e25eb, type: 2}
      propertyPath: m_LocalScale.z
      value: 4.13028
      objectReference: {fileID: 0}
    m_RemovedComponents: []
  m_SourcePrefab: {fileID: 100100000, guid: e84369680dca72b48abcee0f7b7e25eb, type: 2}
  m_IsPrefabAsset: 0
--- !u!1001 &1792931472
Prefab:
  m_ObjectHideFlags: 0
  serializedVersion: 2
  m_Modification:
    m_TransformParent: {fileID: 0}
    m_Modifications:
    - target: {fileID: 4361974071847570, guid: 8fa1fd27c6a282c418ef0cbdb282b6cd, type: 2}
      propertyPath: m_LocalPosition.x
      value: -19.73
      objectReference: {fileID: 0}
    - target: {fileID: 4361974071847570, guid: 8fa1fd27c6a282c418ef0cbdb282b6cd, type: 2}
      propertyPath: m_LocalPosition.y
      value: 10.55
      objectReference: {fileID: 0}
    - target: {fileID: 4361974071847570, guid: 8fa1fd27c6a282c418ef0cbdb282b6cd, type: 2}
      propertyPath: m_LocalPosition.z
      value: 0.0212551
      objectReference: {fileID: 0}
    - target: {fileID: 4361974071847570, guid: 8fa1fd27c6a282c418ef0cbdb282b6cd, type: 2}
      propertyPath: m_LocalRotation.x
      value: 0
      objectReference: {fileID: 0}
    - target: {fileID: 4361974071847570, guid: 8fa1fd27c6a282c418ef0cbdb282b6cd, type: 2}
      propertyPath: m_LocalRotation.y
      value: 0
      objectReference: {fileID: 0}
    - target: {fileID: 4361974071847570, guid: 8fa1fd27c6a282c418ef0cbdb282b6cd, type: 2}
      propertyPath: m_LocalRotation.z
      value: 0
      objectReference: {fileID: 0}
    - target: {fileID: 4361974071847570, guid: 8fa1fd27c6a282c418ef0cbdb282b6cd, type: 2}
      propertyPath: m_LocalRotation.w
      value: 1
      objectReference: {fileID: 0}
    - target: {fileID: 4361974071847570, guid: 8fa1fd27c6a282c418ef0cbdb282b6cd, type: 2}
      propertyPath: m_RootOrder
      value: 3
      objectReference: {fileID: 0}
    - target: {fileID: 4099813682743252, guid: 8fa1fd27c6a282c418ef0cbdb282b6cd, type: 2}
      propertyPath: m_LocalPosition.y
      value: 0.4
      objectReference: {fileID: 0}
    - target: {fileID: 108406287389519096, guid: 8fa1fd27c6a282c418ef0cbdb282b6cd,
        type: 2}
      propertyPath: m_Shadows.m_Type
      value: 1
      objectReference: {fileID: 0}
    - target: {fileID: 108406287389519096, guid: 8fa1fd27c6a282c418ef0cbdb282b6cd,
        type: 2}
      propertyPath: m_Shadows.m_Resolution
      value: 1
      objectReference: {fileID: 0}
    - target: {fileID: 4361974071847570, guid: 8fa1fd27c6a282c418ef0cbdb282b6cd, type: 2}
      propertyPath: m_LocalEulerAnglesHint.z
      value: 0
      objectReference: {fileID: 0}
    - target: {fileID: 4099813682743252, guid: 8fa1fd27c6a282c418ef0cbdb282b6cd, type: 2}
      propertyPath: m_RootOrder
      value: 10
      objectReference: {fileID: 0}
    - target: {fileID: 4380334017478028, guid: 8fa1fd27c6a282c418ef0cbdb282b6cd, type: 2}
      propertyPath: m_RootOrder
      value: 3
      objectReference: {fileID: 0}
    - target: {fileID: 4824345294517946, guid: 8fa1fd27c6a282c418ef0cbdb282b6cd, type: 2}
      propertyPath: m_RootOrder
      value: 1
      objectReference: {fileID: 0}
    - target: {fileID: 4326199305372338, guid: 8fa1fd27c6a282c418ef0cbdb282b6cd, type: 2}
      propertyPath: m_RootOrder
      value: 6
      objectReference: {fileID: 0}
    - target: {fileID: 4476424410366380, guid: 8fa1fd27c6a282c418ef0cbdb282b6cd, type: 2}
      propertyPath: m_RootOrder
      value: 4
      objectReference: {fileID: 0}
    - target: {fileID: 4221235520628886, guid: 8fa1fd27c6a282c418ef0cbdb282b6cd, type: 2}
      propertyPath: m_RootOrder
      value: 0
      objectReference: {fileID: 0}
    - target: {fileID: 4213545919893014, guid: 8fa1fd27c6a282c418ef0cbdb282b6cd, type: 2}
      propertyPath: m_RootOrder
      value: 2
      objectReference: {fileID: 0}
    - target: {fileID: 4017087814312346, guid: 8fa1fd27c6a282c418ef0cbdb282b6cd, type: 2}
      propertyPath: m_RootOrder
      value: 5
      objectReference: {fileID: 0}
    - target: {fileID: 114664849136406586, guid: 8fa1fd27c6a282c418ef0cbdb282b6cd,
        type: 2}
      propertyPath: _nextLvlIdx
      value: 0
      objectReference: {fileID: 0}
    - target: {fileID: 4549779844434230, guid: 8fa1fd27c6a282c418ef0cbdb282b6cd, type: 2}
      propertyPath: m_RootOrder
      value: 7
      objectReference: {fileID: 0}
    - target: {fileID: 4564703692891980, guid: 8fa1fd27c6a282c418ef0cbdb282b6cd, type: 2}
      propertyPath: m_RootOrder
      value: 11
      objectReference: {fileID: 0}
    m_RemovedComponents: []
  m_SourcePrefab: {fileID: 100100000, guid: 8fa1fd27c6a282c418ef0cbdb282b6cd, type: 2}
  m_IsPrefabAsset: 0
--- !u!1001 &1901247201
Prefab:
  m_ObjectHideFlags: 0
  serializedVersion: 2
  m_Modification:
    m_TransformParent: {fileID: 434996767}
    m_Modifications:
    - target: {fileID: 4173473159819046, guid: e84369680dca72b48abcee0f7b7e25eb, type: 2}
      propertyPath: m_LocalPosition.x
      value: 9.38
      objectReference: {fileID: 0}
    - target: {fileID: 4173473159819046, guid: e84369680dca72b48abcee0f7b7e25eb, type: 2}
      propertyPath: m_LocalPosition.y
      value: 29.44
      objectReference: {fileID: 0}
    - target: {fileID: 4173473159819046, guid: e84369680dca72b48abcee0f7b7e25eb, type: 2}
      propertyPath: m_LocalPosition.z
      value: 0
      objectReference: {fileID: 0}
    - target: {fileID: 4173473159819046, guid: e84369680dca72b48abcee0f7b7e25eb, type: 2}
      propertyPath: m_LocalRotation.x
      value: 0.07535895
      objectReference: {fileID: 0}
    - target: {fileID: 4173473159819046, guid: e84369680dca72b48abcee0f7b7e25eb, type: 2}
      propertyPath: m_LocalRotation.y
      value: -0.08882362
      objectReference: {fileID: 0}
    - target: {fileID: 4173473159819046, guid: e84369680dca72b48abcee0f7b7e25eb, type: 2}
      propertyPath: m_LocalRotation.z
      value: 0.759929
      objectReference: {fileID: 0}
    - target: {fileID: 4173473159819046, guid: e84369680dca72b48abcee0f7b7e25eb, type: 2}
      propertyPath: m_LocalRotation.w
      value: 0.63948375
      objectReference: {fileID: 0}
    - target: {fileID: 4173473159819046, guid: e84369680dca72b48abcee0f7b7e25eb, type: 2}
      propertyPath: m_RootOrder
      value: 8
      objectReference: {fileID: 0}
    - target: {fileID: 4173473159819046, guid: e84369680dca72b48abcee0f7b7e25eb, type: 2}
      propertyPath: m_LocalScale.x
      value: 2.3790903
      objectReference: {fileID: 0}
    - target: {fileID: 4173473159819046, guid: e84369680dca72b48abcee0f7b7e25eb, type: 2}
      propertyPath: m_LocalScale.y
      value: 9.562973
      objectReference: {fileID: 0}
    - target: {fileID: 1669808839808538, guid: e84369680dca72b48abcee0f7b7e25eb, type: 2}
      propertyPath: m_StaticEditorFlags
      value: 0
      objectReference: {fileID: 0}
    - target: {fileID: 1669808839808538, guid: e84369680dca72b48abcee0f7b7e25eb, type: 2}
      propertyPath: m_Name
      value: Obstacle (12)
      objectReference: {fileID: 0}
    - target: {fileID: 4173473159819046, guid: e84369680dca72b48abcee0f7b7e25eb, type: 2}
      propertyPath: m_LocalEulerAnglesHint.z
      value: 99.845
      objectReference: {fileID: 0}
    - target: {fileID: 4173473159819046, guid: e84369680dca72b48abcee0f7b7e25eb, type: 2}
      propertyPath: m_LocalScale.z
      value: 9.243567
      objectReference: {fileID: 0}
    - target: {fileID: 4173473159819046, guid: e84369680dca72b48abcee0f7b7e25eb, type: 2}
      propertyPath: m_LocalEulerAnglesHint.y
      value: 0.055000003
      objectReference: {fileID: 0}
    - target: {fileID: 4173473159819046, guid: e84369680dca72b48abcee0f7b7e25eb, type: 2}
      propertyPath: m_LocalEulerAnglesHint.x
      value: 13.378
      objectReference: {fileID: 0}
    m_RemovedComponents: []
  m_SourcePrefab: {fileID: 100100000, guid: e84369680dca72b48abcee0f7b7e25eb, type: 2}
  m_IsPrefabAsset: 0
--- !u!4 &1942197294 stripped
Transform:
  m_CorrespondingSourceObject: {fileID: 4173473159819046, guid: e84369680dca72b48abcee0f7b7e25eb,
    type: 2}
  m_PrefabInternal: {fileID: 1774804721}
--- !u!1001 &1945094349
Prefab:
  m_ObjectHideFlags: 0
  serializedVersion: 2
  m_Modification:
    m_TransformParent: {fileID: 434996767}
    m_Modifications:
    - target: {fileID: 4173473159819046, guid: e84369680dca72b48abcee0f7b7e25eb, type: 2}
      propertyPath: m_LocalPosition.x
      value: -2.32
      objectReference: {fileID: 0}
    - target: {fileID: 4173473159819046, guid: e84369680dca72b48abcee0f7b7e25eb, type: 2}
      propertyPath: m_LocalPosition.y
      value: 23.59
      objectReference: {fileID: 0}
    - target: {fileID: 4173473159819046, guid: e84369680dca72b48abcee0f7b7e25eb, type: 2}
      propertyPath: m_LocalPosition.z
      value: 0
      objectReference: {fileID: 0}
    - target: {fileID: 4173473159819046, guid: e84369680dca72b48abcee0f7b7e25eb, type: 2}
      propertyPath: m_LocalRotation.x
      value: 0
      objectReference: {fileID: 0}
    - target: {fileID: 4173473159819046, guid: e84369680dca72b48abcee0f7b7e25eb, type: 2}
      propertyPath: m_LocalRotation.y
      value: 0
      objectReference: {fileID: 0}
    - target: {fileID: 4173473159819046, guid: e84369680dca72b48abcee0f7b7e25eb, type: 2}
      propertyPath: m_LocalRotation.z
      value: 0
      objectReference: {fileID: 0}
    - target: {fileID: 4173473159819046, guid: e84369680dca72b48abcee0f7b7e25eb, type: 2}
      propertyPath: m_LocalRotation.w
      value: 1
      objectReference: {fileID: 0}
    - target: {fileID: 4173473159819046, guid: e84369680dca72b48abcee0f7b7e25eb, type: 2}
      propertyPath: m_RootOrder
      value: 13
      objectReference: {fileID: 0}
    - target: {fileID: 4173473159819046, guid: e84369680dca72b48abcee0f7b7e25eb, type: 2}
      propertyPath: m_LocalScale.x
      value: 0.78099644
      objectReference: {fileID: 0}
    - target: {fileID: 4173473159819046, guid: e84369680dca72b48abcee0f7b7e25eb, type: 2}
      propertyPath: m_LocalScale.y
      value: 11.931875
      objectReference: {fileID: 0}
    - target: {fileID: 1669808839808538, guid: e84369680dca72b48abcee0f7b7e25eb, type: 2}
      propertyPath: m_StaticEditorFlags
      value: 0
      objectReference: {fileID: 0}
    - target: {fileID: 1669808839808538, guid: e84369680dca72b48abcee0f7b7e25eb, type: 2}
      propertyPath: m_Name
      value: Obstacle (17)
      objectReference: {fileID: 0}
    - target: {fileID: 4173473159819046, guid: e84369680dca72b48abcee0f7b7e25eb, type: 2}
      propertyPath: m_LocalEulerAnglesHint.z
      value: 0
      objectReference: {fileID: 0}
    - target: {fileID: 4173473159819046, guid: e84369680dca72b48abcee0f7b7e25eb, type: 2}
      propertyPath: m_LocalScale.z
      value: 9.243571
      objectReference: {fileID: 0}
    - target: {fileID: 4173473159819046, guid: e84369680dca72b48abcee0f7b7e25eb, type: 2}
      propertyPath: m_LocalEulerAnglesHint.y
      value: 0
      objectReference: {fileID: 0}
    - target: {fileID: 4173473159819046, guid: e84369680dca72b48abcee0f7b7e25eb, type: 2}
      propertyPath: m_LocalEulerAnglesHint.x
      value: 0
      objectReference: {fileID: 0}
    m_RemovedComponents: []
  m_SourcePrefab: {fileID: 100100000, guid: e84369680dca72b48abcee0f7b7e25eb, type: 2}
  m_IsPrefabAsset: 0
--- !u!4 &1945094350 stripped
Transform:
  m_CorrespondingSourceObject: {fileID: 4173473159819046, guid: e84369680dca72b48abcee0f7b7e25eb,
    type: 2}
  m_PrefabInternal: {fileID: 1945094349}
--- !u!4 &1951240060 stripped
Transform:
  m_CorrespondingSourceObject: {fileID: 4173473159819046, guid: e84369680dca72b48abcee0f7b7e25eb,
    type: 2}
  m_PrefabInternal: {fileID: 249639062}
--- !u!1001 &1982873905
Prefab:
  m_ObjectHideFlags: 0
  serializedVersion: 2
  m_Modification:
    m_TransformParent: {fileID: 434996767}
    m_Modifications:
    - target: {fileID: 4173473159819046, guid: e84369680dca72b48abcee0f7b7e25eb, type: 2}
      propertyPath: m_LocalPosition.x
      value: 0.99
      objectReference: {fileID: 0}
    - target: {fileID: 4173473159819046, guid: e84369680dca72b48abcee0f7b7e25eb, type: 2}
      propertyPath: m_LocalPosition.y
      value: 30.07
      objectReference: {fileID: 0}
    - target: {fileID: 4173473159819046, guid: e84369680dca72b48abcee0f7b7e25eb, type: 2}
      propertyPath: m_LocalPosition.z
      value: 0
      objectReference: {fileID: 0}
    - target: {fileID: 4173473159819046, guid: e84369680dca72b48abcee0f7b7e25eb, type: 2}
      propertyPath: m_LocalRotation.x
      value: 0.13224141
      objectReference: {fileID: 0}
    - target: {fileID: 4173473159819046, guid: e84369680dca72b48abcee0f7b7e25eb, type: 2}
      propertyPath: m_LocalRotation.y
      value: -0.038669344
      objectReference: {fileID: 0}
    - target: {fileID: 4173473159819046, guid: e84369680dca72b48abcee0f7b7e25eb, type: 2}
      propertyPath: m_LocalRotation.z
      value: 0.6403556
      objectReference: {fileID: 0}
    - target: {fileID: 4173473159819046, guid: e84369680dca72b48abcee0f7b7e25eb, type: 2}
      propertyPath: m_LocalRotation.w
      value: 0.75562006
      objectReference: {fileID: 0}
    - target: {fileID: 4173473159819046, guid: e84369680dca72b48abcee0f7b7e25eb, type: 2}
      propertyPath: m_RootOrder
      value: 9
      objectReference: {fileID: 0}
    - target: {fileID: 4173473159819046, guid: e84369680dca72b48abcee0f7b7e25eb, type: 2}
      propertyPath: m_LocalScale.x
      value: 2.3790903
      objectReference: {fileID: 0}
    - target: {fileID: 4173473159819046, guid: e84369680dca72b48abcee0f7b7e25eb, type: 2}
      propertyPath: m_LocalScale.y
      value: 9.56297
      objectReference: {fileID: 0}
    - target: {fileID: 1669808839808538, guid: e84369680dca72b48abcee0f7b7e25eb, type: 2}
      propertyPath: m_StaticEditorFlags
      value: 0
      objectReference: {fileID: 0}
    - target: {fileID: 1669808839808538, guid: e84369680dca72b48abcee0f7b7e25eb, type: 2}
      propertyPath: m_Name
      value: Obstacle (13)
      objectReference: {fileID: 0}
    - target: {fileID: 4173473159819046, guid: e84369680dca72b48abcee0f7b7e25eb, type: 2}
      propertyPath: m_LocalEulerAnglesHint.z
      value: 81.394005
      objectReference: {fileID: 0}
    - target: {fileID: 4173473159819046, guid: e84369680dca72b48abcee0f7b7e25eb, type: 2}
      propertyPath: m_LocalScale.z
      value: 9.243567
      objectReference: {fileID: 0}
    - target: {fileID: 4173473159819046, guid: e84369680dca72b48abcee0f7b7e25eb, type: 2}
      propertyPath: m_LocalEulerAnglesHint.y
      value: 6.577
      objectReference: {fileID: 0}
    - target: {fileID: 4173473159819046, guid: e84369680dca72b48abcee0f7b7e25eb, type: 2}
      propertyPath: m_LocalEulerAnglesHint.x
      value: 14.440001
      objectReference: {fileID: 0}
    m_RemovedComponents: []
  m_SourcePrefab: {fileID: 100100000, guid: e84369680dca72b48abcee0f7b7e25eb, type: 2}
  m_IsPrefabAsset: 0
--- !u!1001 &1998372997
Prefab:
  m_ObjectHideFlags: 0
  serializedVersion: 2
  m_Modification:
    m_TransformParent: {fileID: 1263212074}
    m_Modifications:
    - target: {fileID: 4713285421810236, guid: 777f3cca01dd4a6498714c5441097cb5, type: 2}
      propertyPath: m_LocalPosition.x
      value: 0
      objectReference: {fileID: 0}
    - target: {fileID: 4713285421810236, guid: 777f3cca01dd4a6498714c5441097cb5, type: 2}
      propertyPath: m_LocalPosition.y
      value: 0
      objectReference: {fileID: 0}
    - target: {fileID: 4713285421810236, guid: 777f3cca01dd4a6498714c5441097cb5, type: 2}
      propertyPath: m_LocalPosition.z
      value: 0
      objectReference: {fileID: 0}
    - target: {fileID: 4713285421810236, guid: 777f3cca01dd4a6498714c5441097cb5, type: 2}
      propertyPath: m_LocalRotation.x
      value: -0
      objectReference: {fileID: 0}
    - target: {fileID: 4713285421810236, guid: 777f3cca01dd4a6498714c5441097cb5, type: 2}
      propertyPath: m_LocalRotation.y
      value: -0
      objectReference: {fileID: 0}
    - target: {fileID: 4713285421810236, guid: 777f3cca01dd4a6498714c5441097cb5, type: 2}
      propertyPath: m_LocalRotation.z
      value: -0.000000013882525
      objectReference: {fileID: 0}
    - target: {fileID: 4713285421810236, guid: 777f3cca01dd4a6498714c5441097cb5, type: 2}
      propertyPath: m_LocalRotation.w
      value: 1
      objectReference: {fileID: 0}
    - target: {fileID: 4713285421810236, guid: 777f3cca01dd4a6498714c5441097cb5, type: 2}
      propertyPath: m_RootOrder
      value: 1
      objectReference: {fileID: 0}
    - target: {fileID: 1503773129746466, guid: 777f3cca01dd4a6498714c5441097cb5, type: 2}
      propertyPath: m_IsActive
      value: 0
      objectReference: {fileID: 0}
    - target: {fileID: 4713285421810236, guid: 777f3cca01dd4a6498714c5441097cb5, type: 2}
      propertyPath: m_LocalScale.x
      value: 1
      objectReference: {fileID: 0}
    - target: {fileID: 4713285421810236, guid: 777f3cca01dd4a6498714c5441097cb5, type: 2}
      propertyPath: m_LocalScale.y
      value: 1
      objectReference: {fileID: 0}
    - target: {fileID: 4713285421810236, guid: 777f3cca01dd4a6498714c5441097cb5, type: 2}
      propertyPath: m_LocalScale.z
      value: 1
      objectReference: {fileID: 0}
    m_RemovedComponents: []
  m_SourcePrefab: {fileID: 100100000, guid: 777f3cca01dd4a6498714c5441097cb5, type: 2}
  m_IsPrefabAsset: 0
--- !u!1001 &2055785368
Prefab:
  m_ObjectHideFlags: 0
  serializedVersion: 2
  m_Modification:
    m_TransformParent: {fileID: 434996767}
    m_Modifications:
    - target: {fileID: 4173473159819046, guid: e84369680dca72b48abcee0f7b7e25eb, type: 2}
      propertyPath: m_LocalPosition.x
      value: -26.11
      objectReference: {fileID: 0}
    - target: {fileID: 4173473159819046, guid: e84369680dca72b48abcee0f7b7e25eb, type: 2}
      propertyPath: m_LocalPosition.y
      value: 3.14
      objectReference: {fileID: 0}
    - target: {fileID: 4173473159819046, guid: e84369680dca72b48abcee0f7b7e25eb, type: 2}
      propertyPath: m_LocalPosition.z
      value: 0
      objectReference: {fileID: 0}
    - target: {fileID: 4173473159819046, guid: e84369680dca72b48abcee0f7b7e25eb, type: 2}
      propertyPath: m_LocalRotation.x
      value: 0.048766576
      objectReference: {fileID: 0}
    - target: {fileID: 4173473159819046, guid: e84369680dca72b48abcee0f7b7e25eb, type: 2}
      propertyPath: m_LocalRotation.y
      value: 0.017623454
      objectReference: {fileID: 0}
    - target: {fileID: 4173473159819046, guid: e84369680dca72b48abcee0f7b7e25eb, type: 2}
      propertyPath: m_LocalRotation.z
      value: -0.04242009
      objectReference: {fileID: 0}
    - target: {fileID: 4173473159819046, guid: e84369680dca72b48abcee0f7b7e25eb, type: 2}
      propertyPath: m_LocalRotation.w
      value: 0.9977534
      objectReference: {fileID: 0}
    - target: {fileID: 4173473159819046, guid: e84369680dca72b48abcee0f7b7e25eb, type: 2}
      propertyPath: m_RootOrder
      value: 3
      objectReference: {fileID: 0}
    - target: {fileID: 4173473159819046, guid: e84369680dca72b48abcee0f7b7e25eb, type: 2}
      propertyPath: m_LocalScale.x
      value: 3.0618827
      objectReference: {fileID: 0}
    - target: {fileID: 4173473159819046, guid: e84369680dca72b48abcee0f7b7e25eb, type: 2}
      propertyPath: m_LocalScale.y
      value: 19.778225
      objectReference: {fileID: 0}
    - target: {fileID: 1669808839808538, guid: e84369680dca72b48abcee0f7b7e25eb, type: 2}
      propertyPath: m_StaticEditorFlags
      value: 0
      objectReference: {fileID: 0}
    - target: {fileID: 1669808839808538, guid: e84369680dca72b48abcee0f7b7e25eb, type: 2}
      propertyPath: m_Name
      value: Obstacle (4)
      objectReference: {fileID: 0}
    - target: {fileID: 4173473159819046, guid: e84369680dca72b48abcee0f7b7e25eb, type: 2}
      propertyPath: m_LocalEulerAnglesHint.z
      value: -4.78
      objectReference: {fileID: 0}
    - target: {fileID: 4173473159819046, guid: e84369680dca72b48abcee0f7b7e25eb, type: 2}
      propertyPath: m_LocalScale.z
      value: 11.5324
      objectReference: {fileID: 0}
    - target: {fileID: 4173473159819046, guid: e84369680dca72b48abcee0f7b7e25eb, type: 2}
      propertyPath: m_LocalEulerAnglesHint.y
      value: 1.7870001
      objectReference: {fileID: 0}
    - target: {fileID: 4173473159819046, guid: e84369680dca72b48abcee0f7b7e25eb, type: 2}
      propertyPath: m_LocalEulerAnglesHint.x
      value: 5.6710005
      objectReference: {fileID: 0}
    m_RemovedComponents: []
  m_SourcePrefab: {fileID: 100100000, guid: e84369680dca72b48abcee0f7b7e25eb, type: 2}
  m_IsPrefabAsset: 0
--- !u!4 &2117584797 stripped
Transform:
  m_CorrespondingSourceObject: {fileID: 4173473159819046, guid: e84369680dca72b48abcee0f7b7e25eb,
    type: 2}
  m_PrefabInternal: {fileID: 1414637334}
